day;timestamp;product;bid_price_1;bid_volume_1;bid_price_2;bid_volume_2;bid_price_3;bid_volume_3;ask_price_1;ask_volume_1;ask_price_2;ask_volume_2;ask_price_3;ask_volume_3;mid_price;profit_and_loss
2;0;PEARLS;9996;2;9995;25;;;10004;2;10005;25;;;10000.0;0.0
2;0;BANANAS;4821;27;;;;;4827;27;;;;;4824.0;0.0
2;0;DIVING_GEAR;99191;21;;;;;99194;21;;;;;99192.5;0.0
2;0;COCONUTS;7923;209;;;;;7924;57;7925;61;7926;148;7923.5;0.0
2;0;DOLPHIN_SIGHTINGS;;;;;;;;;;;;;3076.0;0.0
2;0;PINA_COLADAS;14850;72;;;;;14853;72;;;;;14851.5;0.0
2;0;BERRIES;3847;66;;;;;3854;14;3855;52;;;3850.5;0.0
2;100;BERRIES;3847;76;3846;48;;;3854;24;3855;100;;;3850.5;0.0
2;100;DOLPHIN_SIGHTINGS;;;;;;;;;;;;;3076.0;0.0
2;100;PEARLS;9996;4;9995;53;;;9998;1;10004;4;10005;53;9997.0;0.0
2;100;BANANAS;4821;57;;;;;4827;57;;;;;4824.0;0.0
2;100;COCONUTS;7924;114;7923;209;;;7925;61;7926;148;7927;171;7924.5;0.0
2;100;DIVING_GEAR;99191;21;;;;;99194;3;99200;8;99201;10;99192.5;0.0
2;100;PINA_COLADAS;14853;20;14850;72;;;14856;92;;;;;14854.5;0.0
2;200;DOLPHIN_SIGHTINGS;;;;;;;;;;;;;3076.0;0.0
2;200;PINA_COLADAS;14853;103;14850;72;;;14856;175;;;;;14854.5;0.0
2;200;BERRIES;3848;14;3847;131;3846;48;3854;38;3855;155;;;3851.0;0.0
2;200;PEARLS;9996;4;9995;73;;;9998;1;10004;4;10005;73;9997.0;0.0
2;200;BANANAS;4821;77;;;;;4827;57;4828;20;;;4824.0;0.0
2;200;COCONUTS;7924;306;7923;209;;;7925;61;7926;205;7927;306;7924.5;0.0
2;200;DIVING_GEAR;99194;18;99191;21;;;99197;21;99200;8;99201;10;99195.5;0.0
2;300;PEARLS;9996;5;9995;93;;;9998;1;10004;5;10005;93;9997.0;0.0
2;300;BANANAS;4822;21;4821;77;;;4827;57;4828;21;4829;20;4824.5;0.0
2;300;COCONUTS;7925;120;7924;306;7923;209;7926;205;7927;306;7928;181;7925.5;0.0
2;300;DIVING_GEAR;99194;18;99193;8;99192;19;99195;8;99196;19;99197;21;99194.5;0.0
2;300;PINA_COLADAS;14853;103;14850;72;;;14856;74;14861;101;;;14854.5;0.0
2;300;BERRIES;3848;33;3847;175;3846;48;3854;38;3855;174;3856;44;3851.0;0.0
2;300;DOLPHIN_SIGHTINGS;;;;;;;;;;;;;3076.0;0.0
2;400;PEARLS;9996;5;9995;123;;;9998;1;10004;5;10005;123;9997.0;0.0
2;400;BANANAS;4822;21;4821;107;;;4827;57;4828;51;4829;20;4824.5;0.0
2;400;COCONUTS;7925;120;7924;478;7923;209;7926;205;7927;478;7928;181;7925.5;0.0
2;400;DIVING_GEAR;99194;27;99193;27;99192;19;99195;8;99196;28;99197;40;99194.5;0.0
2;400;DOLPHIN_SIGHTINGS;;;;;;;;;;;;;3076.0;0.0
2;400;PINA_COLADAS;14855;103;14853;103;14850;72;14856;74;14858;40;14859;63;14855.5;0.0
2;400;BERRIES;3849;19;3848;80;3847;175;3854;38;3855;193;3856;91;3851.5;0.0
2;500;BERRIES;3849;19;3848;96;3847;224;3854;54;3855;242;3856;91;3851.5;0.0
2;500;DOLPHIN_SIGHTINGS;;;;;;;;;;;;;3076.0;0.0
2;500;PEARLS;10000;5;9996;5;9995;145;10004;5;10005;145;;;10002.0;0.0
2;500;BANANAS;4822;21;4821;129;;;4827;57;4828;73;4829;20;4824.5;0.0
2;500;COCONUTS;7925;120;7924;684;7923;209;7926;205;7927;684;7928;181;7925.5;0.0
2;500;DIVING_GEAR;99194;53;99193;27;99192;19;99195;8;99196;28;99197;66;99194.5;0.0
2;500;PINA_COLADAS;14855;103;14854;95;14853;103;14856;74;14857;95;14858;40;14855.5;0.0
2;600;DOLPHIN_SIGHTINGS;;;;;;;;;;;;;3076.0;0.0
2;600;PINA_COLADAS;14855;12;14854;95;14853;103;14856;74;14857;95;14858;40;14855.5;0.0
2;600;BERRIES;3849;19;3848;96;3847;224;3853;20;3854;97;3855;242;3851.0;0.0
2;600;PEARLS;10000;5;9996;5;9995;174;10004;5;10005;174;;;10002.0;0.0
2;600;BANANAS;4822;21;4821;158;;;4827;57;4828;102;4829;20;4824.5;0.0
2;600;COCONUTS;7925;120;7924;743;7923;342;7926;397;7927;684;7928;181;7925.5;0.0
2;600;DIVING_GEAR;99194;53;99193;56;99192;19;99195;8;99196;57;99197;66;99194.5;0.0
2;700;BANANAS;4822;22;4821;187;;;4827;57;4828;132;4829;20;4824.5;0.0
2;700;PEARLS;10000;9;9996;6;9995;203;10004;6;10005;203;;;10002.0;0.0
2;700;COCONUTS;7925;120;7924;937;7923;342;7926;463;7927;812;7928;181;7925.5;0.0
2;700;DIVING_GEAR;99194;53;99193;56;99192;19;99196;42;99197;66;99200;31;99195.0;0.0
2;700;PINA_COLADAS;14854;8;14853;103;14852;65;14856;74;14857;95;14858;40;14855.0;0.0
2;700;BERRIES;3849;19;3848;96;3847;224;3852;18;3853;70;3854;97;3850.5;0.0
2;700;DOLPHIN_SIGHTINGS;;;;;;;;;;;;;3076.0;0.0
2;800;PEARLS;10000;8;9996;7;9995;230;10004;7;10005;230;;;10002.0;0.0
2;800;COCONUTS;7925;120;7924;1113;7923;342;7926;510;7927;941;7928;181;7925.5;0.0
2;800;DIVING_GEAR;99194;53;99193;56;99192;19;99196;27;99197;66;99200;31;99195.0;0.0
2;800;BANANAS;4826;1;4822;22;4821;215;4827;57;4828;160;4829;20;4826.5;0.0
2;800;DOLPHIN_SIGHTINGS;;;;;;;;;;;;;3075.0;0.0
2;800;PINA_COLADAS;14853;2;14852;65;14851;161;14856;74;14857;95;14858;40;14854.5;0.0
2;800;BERRIES;3849;19;3848;96;3847;224;3852;18;3853;80;3854;145;3850.5;0.0
2;900;BERRIES;3849;24;3848;96;3847;224;3852;18;3853;97;3854;205;3850.5;0.0
2;900;DOLPHIN_SIGHTINGS;;;;;;;;;;;;;3075.0;0.0
2;900;BANANAS;4826;6;4822;23;4821;239;4827;57;4828;185;4829;20;4826.5;0.0
2;900;DIVING_GEAR;99194;53;99193;56;99192;19;99196;5;99197;66;99200;31;99195.0;0.0
2;900;PEARLS;10002;1;10000;8;9996;8;10004;8;10005;254;;;10003.0;0.0
2;900;COCONUTS;7925;120;7924;1292;7923;342;7926;510;7927;1120;7928;181;7925.5;0.0
2;900;PINA_COLADAS;14852;65;14851;161;14850;160;14853;86;14856;74;14857;95;14852.5;0.0
2;1000;PINA_COLADAS;14852;93;14851;226;14850;160;14853;86;14854;28;14855;65;14852.5;0.0
2;1000;DOLPHIN_SIGHTINGS;;;;;;;;;;;;;3076.0;0.0
2;1000;BERRIES;3849;24;3848;96;3847;224;3852;18;3853;109;3854;251;3850.5;0.0
2;1000;DIVING_GEAR;99194;53;99193;56;99192;19;99197;49;99200;31;99201;10;99195.5;0.0
2;1000;PEARLS;10002;1;10000;8;9996;8;10004;8;10005;276;;;10003.0;0.0
2;1000;COCONUTS;7925;314;7924;1292;7923;342;7926;510;7927;1188;7928;307;7925.5;0.0
2;1000;BANANAS;4826;6;4822;45;4821;239;4827;57;4828;185;4829;42;4826.5;0.0
2;1100;BANANAS;4826;6;4823;1;4822;71;4827;63;4828;185;4829;69;4826.5;0.0
2;1100;DIVING_GEAR;99195;24;99194;53;99193;56;99197;49;99198;24;99200;31;99196.0;0.0
2;1100;PEARLS;10002;5;10000;8;9996;9;10004;9;10005;302;;;10003.0;0.0
2;1100;COCONUTS;7925;523;7924;1292;7923;342;7926;510;7927;1253;7928;451;7925.5;0.0
2;1100;PINA_COLADAS;14852;200;14851;226;14850;160;14853;86;14854;28;14855;172;14852.5;0.0
2;1100;BERRIES;3849;24;3848;96;3847;224;3852;18;3853;127;3854;303;3850.5;0.0
2;1100;DOLPHIN_SIGHTINGS;;;;;;;;;;;;;3076.0;0.0
2;1200;DIVING_GEAR;99196;26;99195;24;99194;53;99197;49;99198;24;99199;26;99196.5;0.0
2;1200;PEARLS;10002;5;10000;8;9996;11;10004;11;10005;324;;;10003.0;0.0
2;1200;COCONUTS;7925;597;7924;1483;7923;342;7926;510;7927;1444;7928;451;7925.5;0.0
2;1200;BANANAS;4826;6;4823;1;4822;95;4827;63;4828;187;4829;91;4826.5;0.0
2;1200;PINA_COLADAS;14852;200;14851;226;14850;246;14853;172;14854;28;14855;172;14852.5;0.0
2;1200;DOLPHIN_SIGHTINGS;;;;;;;;;;;;;3076.0;0.0
2;1200;BERRIES;3849;9;3848;96;3847;224;3852;18;3853;144;3854;354;3850.5;0.0
2;1300;BERRIES;3849;9;3848;96;3847;242;3852;18;3853;162;3854;410;3850.5;0.0
2;1300;DOLPHIN_SIGHTINGS;;;;;;;;;;;;;3076.0;0.0
2;1300;BANANAS;4826;5;4823;1;4822;126;4827;63;4828;187;4829;122;4826.5;0.0
2;1300;DIVING_GEAR;99196;3;99195;24;99194;53;99197;49;99198;24;99199;26;99196.5;0.0
2;1300;PEARLS;10002;4;10000;8;9996;12;10004;12;10005;354;;;10003.0;0.0
2;1300;COCONUTS;7925;597;7924;1637;7923;467;7926;712;7927;1444;7928;451;7925.5;0.0
2;1300;PINA_COLADAS;14852;94;14851;226;14850;246;14853;172;14854;28;14855;172;14852.5;0.0
2;1400;DOLPHIN_SIGHTINGS;;;;;;;;;;;;;3076.0;0.0
2;1400;PINA_COLADAS;14852;10;14851;226;14850;246;14853;172;14854;28;14855;172;14852.5;0.0
2;1400;DIVING_GEAR;99195;5;99194;53;99193;56;99197;49;99198;24;99199;26;99196.0;0.0
2;1400;PEARLS;10002;4;10000;8;9996;12;10004;12;10005;378;;;10003.0;0.0
2;1400;COCONUTS;7925;402;7924;1637;7923;467;7926;712;7927;1444;7928;451;7925.5;0.0
2;1400;BERRIES;3849;9;3848;96;3847;258;3852;18;3853;162;3854;426;3850.5;0.0
2;1400;BANANAS;4826;5;4823;1;4822;150;4827;63;4828;187;4829;146;4826.5;0.0
2;1500;BANANAS;4826;4;4823;1;4822;171;4827;63;4828;188;4829;166;4826.5;0.0
2;1500;DIVING_GEAR;99194;35;99193;56;99192;19;99197;49;99198;24;99199;26;99195.5;0.0
2;1500;PEARLS;10002;4;10000;8;9996;13;10004;13;10005;398;;;10003.0;0.0
2;1500;COCONUTS;7925;402;7924;1637;7923;675;7926;920;7927;1444;7928;451;7925.5;0.0
2;1500;BERRIES;3849;9;3848;96;3847;258;3852;18;3853;178;3854;476;3850.5;0.0
2;1500;PINA_COLADAS;14852;10;14851;226;14850;336;14853;262;14854;28;14855;172;14852.5;0.0
2;1500;DOLPHIN_SIGHTINGS;;;;;;;;;;;;;3076.0;0.0
2;1600;DIVING_GEAR;99194;13;99193;56;99192;19;99197;49;99198;24;99199;26;99195.5;0.0
2;1600;PEARLS;10002;4;10000;8;9996;13;10004;13;10005;426;;;10003.0;0.0
2;1600;COCONUTS;7925;227;7924;1637;7923;675;7926;920;7927;1444;7928;451;7925.5;0.0
2;1600;BERRIES;3849;9;3848;96;3847;258;3852;18;3853;194;3854;521;3850.5;0.0
2;1600;BANANAS;4826;4;4823;1;4822;171;4827;63;4828;216;4829;166;4826.5;0.0
2;1600;DOLPHIN_SIGHTINGS;;;;;;;;;;;;;3076.0;0.0
2;1600;PINA_COLADAS;14851;135;14850;336;14848;327;14853;262;14854;28;14855;172;14852.0;0.0
2;1700;DOLPHIN_SIGHTINGS;;;;;;;;;;;;;3076.0;0.0
2;1700;BANANAS;4826;4;4823;1;4822;171;4827;63;4828;241;4829;166;4826.5;0.0
2;1700;DIVING_GEAR;99193;40;99192;19;99191;21;99197;49;99198;24;99199;26;99195.0;0.0
2;1700;PEARLS;10002;4;10000;8;9996;13;10004;13;10005;451;;;10003.0;0.0
2;1700;COCONUTS;7925;16;7924;1637;7923;675;7926;920;7927;1444;7928;451;7925.5;0.0
2;1700;BERRIES;3850;4;3849;9;3848;96;3852;18;3853;213;3854;579;3851.0;0.0
2;1700;PINA_COLADAS;14851;41;14850;336;14848;327;14853;262;14854;28;14855;172;14852.0;0.0
2;1800;DOLPHIN_SIGHTINGS;;;;;;;;;;;;;3076.0;0.0
2;1800;PINA_COLADAS;14850;297;14848;327;14847;247;14853;262;14854;28;14855;172;14851.5;0.0
2;1800;DIVING_GEAR;99193;18;99192;19;99191;21;99197;49;99198;24;99199;26;99195.0;0.0
2;1800;PEARLS;10002;4;10000;8;9996;14;10004;14;10005;478;;;10003.0;0.0
2;1800;COCONUTS;7924;1517;7923;675;7922;778;7925;104;7926;920;7927;1444;7924.5;0.0
2;1800;BERRIES;3850;4;3849;9;3848;96;3852;18;3853;227;3854;621;3851.0;0.0
2;1800;BANANAS;4826;4;4823;1;4822;172;4827;63;4828;269;4829;166;4826.5;0.0
2;1900;BANANAS;4826;1;4823;1;4822;173;4827;63;4828;297;4829;166;4826.5;0.0
2;1900;DIVING_GEAR;99192;16;99191;21;99187;7;99197;49;99198;24;99199;26;99194.5;0.0
2;1900;PEARLS;10002;1;10000;8;9996;15;10004;15;10005;505;;;10003.0;0.0
2;1900;COCONUTS;7924;1517;7923;853;7922;778;7925;282;7926;920;7927;1444;7924.5;0.0
2;1900;BERRIES;3850;4;3849;9;3848;96;3852;18;3853;241;3854;664;3851.0;0.0
2;1900;PINA_COLADAS;14850;297;14848;418;14847;247;14851;27;14852;64;14853;262;14850.5;0.0
2;1900;DOLPHIN_SIGHTINGS;;;;;;;;;;;;;3076.0;0.0
2;2000;DIVING_GEAR;99191;11;99187;7;99186;37;99197;49;99198;24;99199;26;99194.0;0.0
2;2000;PEARLS;10002;1;10000;8;9996;16;10004;16;10005;534;;;10003.0;0.0
2;2000;COCONUTS;7924;1457;7923;853;7922;959;7925;403;7926;920;7927;1444;7924.5;0.0
2;2000;BERRIES;3850;4;3849;9;3848;96;3852;18;3853;259;3854;719;3851.0;0.0
2;2000;BANANAS;4826;1;4823;1;4822;173;4827;63;4828;327;4829;166;4826.5;0.0
2;2000;DOLPHIN_SIGHTINGS;;;;;;;;;;;;;3077.0;0.0
2;2000;PINA_COLADAS;14850;202;14848;418;14847;278;14851;27;14852;64;14853;262;14850.5;0.0
2;2100;DOLPHIN_SIGHTINGS;;;;;;;;;;;;;3077.0;0.0
2;2100;BANANAS;4826;1;4825;5;4823;1;4827;63;4828;356;4829;166;4826.5;0.0
2;2100;DIVING_GEAR;99186;27;99183;14;99182;43;99197;49;99198;24;99199;26;99191.5;0.0
2;2100;PEARLS;10002;1;10000;8;9996;16;10004;16;10005;563;;;10003.0;0.0
2;2100;COCONUTS;7924;1274;7923;853;7922;999;7925;403;7926;920;7927;1444;7924.5;0.0
2;2100;BERRIES;3850;4;3849;9;3848;96;3852;18;3853;259;3854;738;3851.0;0.0
2;2100;PINA_COLADAS;14850;108;14848;418;14847;278;14851;27;14852;64;14853;262;14850.5;0.0
2;2200;DOLPHIN_SIGHTINGS;;;;;;;;;;;;;3076.0;0.0
2;2200;PINA_COLADAS;14850;9;14848;418;14847;278;14851;27;14852;64;14853;262;14850.5;0.0
2;2200;DIVING_GEAR;99186;5;99183;14;99182;43;99197;49;99198;24;99199;26;99191.5;0.0
2;2200;COCONUTS;7924;1098;7923;853;7922;999;7925;403;7926;920;7927;1444;7924.5;0.0
2;2200;BERRIES;3850;4;3849;9;3848;96;3852;18;3853;259;3854;751;3851.0;0.0
2;2200;PEARLS;10002;2;10000;8;9996;17;10004;17;10005;591;;;10003.0;0.0
2;2200;BANANAS;4826;1;4825;5;4823;1;4827;63;4828;385;4829;166;4826.5;0.0
2;2300;PEARLS;10002;1;10000;8;9996;19;10004;19;10005;611;;;10003.0;0.0
2;2300;BANANAS;4825;5;4823;1;4822;204;4827;63;4828;407;4829;166;4826.0;0.0
2;2300;COCONUTS;7924;1030;7923;853;7922;1169;7925;505;7926;920;7927;1444;7924.5;0.0
2;2300;DIVING_GEAR;99182;39;99181;18;99179;35;99197;49;99198;24;99199;26;99189.5;0.0
2;2300;BERRIES;3850;9;3849;9;3848;96;3852;18;3853;259;3854;769;3851.0;0.0
2;2300;PINA_COLADAS;14848;327;14847;278;14846;95;14851;27;14852;64;14853;262;14849.5;0.0
2;2300;DOLPHIN_SIGHTINGS;;;;;;;;;;;;;3076.0;0.0
2;2400;COCONUTS;7924;1030;7923;853;7922;1356;7925;692;7926;920;7927;1444;7924.5;0.0
2;2400;DIVING_GEAR;99182;14;99181;18;99179;35;99197;49;99198;24;99199;26;99189.5;0.0
2;2400;BERRIES;3848;96;3847;341;3846;690;3849;5;3852;18;3853;274;3848.5;0.0
2;2400;PEARLS;10002;1;10000;8;9996;20;10004;20;10005;635;;;10003.0;0.0
2;2400;BANANAS;4825;5;4823;1;4822;205;4827;63;4828;432;4829;166;4826.0;0.0
2;2400;DOLPHIN_SIGHTINGS;;;;;;;;;;;;;3076.0;0.0
2;2400;PINA_COLADAS;14848;251;14847;278;14846;95;14851;27;14852;64;14853;262;14849.5;0.0
2;2500;DOLPHIN_SIGHTINGS;;;;;;;;;;;;;3077.0;0.0
2;2500;PEARLS;10002;1;10000;8;9996;21;10004;21;10005;663;;;10003.0;0.0
2;2500;BANANAS;4825;5;4823;1;4822;206;4827;63;4828;461;4829;166;4826.0;0.0
2;2500;COCONUTS;7924;1030;7923;853;7922;1500;7925;836;7926;920;7927;1444;7924.5;0.0
2;2500;BERRIES;3848;96;3847;341;3846;704;3849;5;3852;18;3853;288;3848.5;0.0
2;2500;DIVING_GEAR;99182;14;99181;37;99179;35;99184;19;99197;49;99198;24;99183.0;0.0
2;2500;PINA_COLADAS;14848;164;14847;278;14846;95;14851;27;14852;64;14853;262;14849.5;0.0
2;2600;DOLPHIN_SIGHTINGS;;;;;;;;;;;;;3076.0;0.0
2;2600;PINA_COLADAS;14848;164;14847;386;14846;95;14850;38;14851;97;14852;64;14849.0;0.0
2;2600;COCONUTS;7924;1030;7923;853;7922;1655;7925;991;7926;920;7927;1444;7924.5;0.0
2;2600;BERRIES;3848;96;3847;341;3846;715;3849;5;3852;18;3853;299;3848.5;0.0
2;2600;DIVING_GEAR;99181;35;99179;40;99178;43;99184;19;99197;49;99198;24;99182.5;0.0
2;2600;PEARLS;10002;1;10000;8;9996;23;10004;23;10005;685;;;10003.0;0.0
2;2600;BANANAS;4825;4;4823;1;4822;206;4827;63;4828;485;4829;166;4826.0;0.0
2;2700;PEARLS;10002;1;10000;8;9996;25;10004;25;10005;711;;;10003.0;0.0
2;2700;BANANAS;4825;4;4823;1;4822;206;4827;63;4828;513;4829;166;4826.0;0.0
2;2700;COCONUTS;7924;808;7923;853;7922;1655;7925;991;7926;920;7927;1444;7924.5;0.0
2;2700;BERRIES;3848;96;3847;341;3846;734;3849;5;3852;18;3853;373;3848.5;0.0
2;2700;DIVING_GEAR;99190;8;99181;35;99179;40;99192;8;99193;19;99197;49;99191.0;0.0
2;2700;PINA_COLADAS;14848;164;14847;410;14846;151;14850;118;14851;97;14852;64;14849.0;0.0
2;2700;DOLPHIN_SIGHTINGS;;;;;;;;;;;;;3076.0;0.0
2;2800;COCONUTS;7924;598;7923;853;7922;1655;7925;991;7926;920;7927;1444;7924.5;0.0
2;2800;BERRIES;3848;96;3847;341;3846;734;3849;5;3852;38;3853;420;3848.5;0.0
2;2800;DIVING_GEAR;99190;3;99188;5;99187;20;99191;20;99192;8;99193;19;99190.5;0.0
2;2800;PEARLS;10002;1;10000;8;9996;27;10004;27;10005;741;;;10003.0;0.0
2;2800;BANANAS;4825;4;4823;1;4822;206;4827;63;4828;545;4829;166;4826.0;0.0
2;2800;DOLPHIN_SIGHTINGS;;;;;;;;;;;;;3077.0;0.0
2;2800;PINA_COLADAS;14848;78;14847;410;14846;151;14850;118;14851;97;14852;64;14849.0;0.0
2;2900;DOLPHIN_SIGHTINGS;;;;;;;;;;;;;3077.0;0.0
2;2900;BANANAS;4825;4;4823;1;4822;208;4827;63;4828;576;4829;166;4826.0;0.0
2;2900;PEARLS;10002;1;10000;8;9996;29;10004;29;10005;770;;;10003.0;0.0
2;2900;COCONUTS;7924;426;7923;853;7922;1655;7925;991;7926;920;7927;1444;7924.5;0.0
2;2900;BERRIES;3848;96;3847;341;3846;734;3849;5;3851;12;3852;95;3848.5;0.0
2;2900;DIVING_GEAR;99187;20;99186;10;99185;12;99188;5;99189;9;99191;20;99187.5;0.0
2;2900;PINA_COLADAS;14847;383;14846;151;14845;94;14850;118;14851;97;14852;64;14848.5;0.0
2;3000;DOLPHIN_SIGHTINGS;;;;;;;;;;;;;3077.0;0.0
2;3000;PINA_COLADAS;14847;284;14846;151;14845;94;14850;118;14851;97;14852;64;14848.5;0.0
2;3000;COCONUTS;7924;262;7923;853;7922;1655;7925;991;7926;920;7927;1444;7924.5;0.0
2;3000;BERRIES;3848;96;3847;341;3846;734;3849;5;3851;12;3852;106;3848.5;0.0
2;3000;DIVING_GEAR;99187;2;99186;10;99185;12;99188;5;99189;9;99191;20;99187.5;0.0
2;3000;BANANAS;4826;13;4825;3;4823;1;4827;63;4828;607;4829;166;4826.5;0.0
2;3000;PEARLS;10002;0;10000;8;9996;31;10004;31;10005;799;;;10003.0;0.0
2;3100;BANANAS;4826;3;4825;3;4823;1;4827;63;4828;635;4829;166;4826.5;0.0
2;3100;DIVING_GEAR;99182;7;99181;46;99179;40;99188;5;99189;9;99191;20;99185.0;0.0
2;3100;PEARLS;10000;8;9996;33;9995;825;10002;10;10004;33;10005;825;10001.0;0.0
2;3100;COCONUTS;7924;52;7923;853;7922;1655;7925;991;7926;920;7927;1444;7924.5;0.0
2;3100;BERRIES;3848;96;3847;341;3846;753;3849;5;3851;12;3852;106;3848.5;0.0
2;3100;PINA_COLADAS;14847;180;14846;151;14845;94;14850;118;14851;97;14852;64;14848.5;0.0
2;3100;DOLPHIN_SIGHTINGS;;;;;;;;;;;;;3076.0;0.0
2;3200;COCONUTS;7923;750;7922;1655;7921;541;7925;991;7926;920;7927;1444;7924.0;0.0
2;3200;BERRIES;3848;96;3847;341;3846;813;3849;5;3851;12;3852;106;3848.5;0.0
2;3200;BANANAS;4826;3;4825;3;4823;1;4827;63;4828;658;4829;166;4826.5;0.0
2;3200;DIVING_GEAR;99181;46;99179;65;99178;43;99182;18;99188;5;99189;9;99181.5;0.0
2;3200;PEARLS;10000;8;9996;33;9995;848;10002;10;10004;33;10005;848;10001.0;0.0
2;3200;DOLPHIN_SIGHTINGS;;;;;;;;;;;;;3077.0;0.0
2;3200;PINA_COLADAS;14847;95;14846;151;14845;94;14850;118;14851;97;14852;64;14848.5;0.0
2;3300;DOLPHIN_SIGHTINGS;;;;;;;;;;;;;3077.0;0.0
2;3300;BANANAS;4826;4;4825;3;4823;1;4827;63;4828;685;4829;166;4826.5;0.0
2;3300;DIVING_GEAR;99181;46;99179;65;99178;43;99182;1;99188;5;99189;15;99181.5;0.0
2;3300;PEARLS;10000;8;9996;33;9995;875;10002;10;10004;33;10005;875;10001.0;0.0
2;3300;COCONUTS;7923;567;7922;1655;7921;541;7925;991;7926;920;7927;1444;7924.0;0.0
2;3300;BERRIES;3848;96;3847;352;3846;869;3849;5;3851;12;3852;106;3848.5;0.0
2;3300;PINA_COLADAS;14846;145;14845;94;14844;199;14850;118;14851;97;14852;64;14848.0;0.0
2;3400;PINA_COLADAS;14846;60;14845;94;14844;199;14850;118;14851;97;14852;64;14848.0;0.0
2;3400;DOLPHIN_SIGHTINGS;;;;;;;;;;;;;3077.0;0.0
2;3400;BERRIES;3848;96;3847;371;3846;921;3849;5;3851;12;3852;106;3848.5;0.0
2;3400;BANANAS;4826;4;4825;3;4823;1;4827;63;4828;712;4829;166;4826.5;0.0
2;3400;DIVING_GEAR;99187;24;99181;46;99179;65;99188;5;99189;15;99190;36;99187.5;0.0
2;3400;PEARLS;10000;8;9996;35;9995;900;10002;10;10004;35;10005;900;10001.0;0.0
2;3400;COCONUTS;7923;405;7922;1655;7921;541;7925;991;7926;920;7927;1444;7924.0;0.0
2;3500;BANANAS;4826;4;4825;3;4823;1;4827;92;4828;712;4829;166;4826.5;0.0
2;3500;DIVING_GEAR;99187;8;99182;5;99181;57;99188;5;99189;15;99190;36;99187.5;0.0
2;3500;PEARLS;10000;8;9996;35;9995;929;10002;10;10004;35;10005;929;10001.0;0.0
2;3500;COCONUTS;7923;212;7922;1655;7921;541;7925;991;7926;920;7927;1444;7924.0;0.0
2;3500;BERRIES;3848;96;3847;371;3846;932;3849;5;3851;12;3852;106;3848.5;0.0
2;3500;PINA_COLADAS;14845;43;14844;199;14843;225;14850;118;14851;97;14852;64;14847.5;0.0
2;3500;DOLPHIN_SIGHTINGS;;;;;;;;;;;;;3077.0;0.0
2;3600;BERRIES;3848;96;3847;381;3846;975;3849;5;3851;12;3852;106;3848.5;0.0
2;3600;BANANAS;4826;4;4825;3;4823;1;4827;117;4828;712;4829;166;4826.5;0.0
2;3600;DIVING_GEAR;99183;18;99182;5;99181;57;99186;10;99188;5;99189;15;99184.5;0.0
2;3600;PEARLS;10000;8;9996;35;9995;954;10002;10;10004;35;10005;954;10001.0;0.0
2;3600;COCONUTS;7923;44;7922;1655;7921;541;7925;991;7926;920;7927;1444;7924.0;0.0
2;3600;PINA_COLADAS;14844;154;14843;225;14842;60;14850;118;14851;97;14852;64;14847.0;0.0
2;3600;DOLPHIN_SIGHTINGS;;;;;;;;;;;;;3076.0;0.0
2;3700;DOLPHIN_SIGHTINGS;;;;;;;;;;;;;3076.0;0.0
2;3700;BANANAS;4825;3;4823;1;4822;233;4826;17;4827;117;4828;712;4825.5;0.0
2;3700;DIVING_GEAR;99183;0;99182;5;99181;57;99186;10;99188;5;99189;15;99184.5;0.0
2;3700;PEARLS;10000;5;9998;9;9996;35;10002;10;10004;35;10005;974;10001.0;0.0
2;3700;COCONUTS;7922;1524;7921;541;7920;783;7925;991;7926;920;7927;1444;7923.5;0.0
2;3700;PINA_COLADAS;14844;76;14843;225;14842;60;14850;118;14851;97;14852;64;14847.0;0.0
2;3700;BERRIES;3848;96;3847;381;3846;987;3849;5;3851;12;3852;118;3848.5;0.0
2;3800;PINA_COLADAS;14843;212;14842;60;14840;287;14850;118;14851;97;14852;64;14846.5;0.0
2;3800;DOLPHIN_SIGHTINGS;;;;;;;;;;;;;3076.0;0.0
2;3800;BERRIES;3848;96;3847;396;3846;1040;3851;6;3852;118;3853;604;3849.5;0.0
2;3800;BANANAS;4825;3;4823;1;4822;233;4826;41;4827;117;4828;712;4825.5;0.0
2;3800;DIVING_GEAR;99181;42;99179;65;99178;61;99186;10;99188;5;99189;15;99183.5;0.0
2;3800;PEARLS;10000;5;9998;9;9996;35;10002;10;10004;35;10005;998;10001.0;0.0
2;3800;COCONUTS;7922;1524;7921;541;7920;972;7923;189;7925;991;7926;920;7922.5;0.0
2;3900;BANANAS;4825;2;4824;1;4823;1;4826;66;4827;117;4828;712;4825.5;0.0
2;3900;DIVING_GEAR;99181;21;99179;65;99178;61;99186;10;99188;5;99189;15;99183.5;0.0
2;3900;PEARLS;10000;2;9998;9;9996;36;10002;10;10004;36;10005;1023;10001.0;0.0
2;3900;COCONUTS;7922;1524;7921;738;7920;972;7923;189;7924;197;7925;991;7922.5;0.0
2;3900;PINA_COLADAS;14843;127;14842;60;14840;287;14850;118;14851;97;14852;64;14846.5;0.0
2;3900;BERRIES;3848;96;3847;407;3846;1087;3851;6;3852;118;3853;604;3849.5;0.0
2;3900;DOLPHIN_SIGHTINGS;;;;;;;;;;;;;3076.0;0.0
2;4000;BERRIES;3848;96;3847;417;3846;1140;3851;6;3852;118;3853;604;3849.5;0.0
2;4000;BANANAS;4825;1;4824;1;4823;1;4826;88;4827;117;4828;712;4825.5;0.0
2;4000;DIVING_GEAR;99181;6;99179;65;99178;61;99186;10;99188;5;99189;15;99183.5;0.0
2;4000;PEARLS;10000;2;9998;9;9996;37;10002;10;10004;37;10005;1045;10001.0;0.0
2;4000;COCONUTS;7922;1356;7921;738;7920;972;7923;189;7924;197;7925;991;7922.5;0.0
2;4000;PINA_COLADAS;14843;35;14842;60;14840;287;14850;118;14851;97;14852;64;14846.5;0.0
2;4000;DOLPHIN_SIGHTINGS;;;;;;;;;;;;;3075.0;0.0
2;4100;DOLPHIN_SIGHTINGS;;;;;;;;;;;;;3075.0;0.0
2;4100;BANANAS;4825;1;4824;1;4823;1;4826;114;4827;117;4828;712;4825.5;0.0
2;4100;DIVING_GEAR;99179;51;99178;61;99177;5;99186;10;99188;5;99189;15;99182.5;0.0
2;4100;PEARLS;9998;13;9996;39;9995;1069;10000;1;10002;9;10004;39;9999.0;0.0
2;4100;COCONUTS;7922;1111;7921;738;7920;972;7923;189;7924;197;7925;991;7922.5;0.0
2;4100;PINA_COLADAS;14842;14;14840;287;14839;238;14850;118;14851;97;14852;64;14846.0;0.0
2;4100;BERRIES;3848;96;3847;427;3846;1183;3851;6;3852;118;3853;604;3849.5;0.0
2;4200;PINA_COLADAS;14840;221;14839;238;14838;152;14850;118;14851;97;14852;64;14845.0;0.0
2;4200;DOLPHIN_SIGHTINGS;;;;;;;;;;;;;3075.0;0.0
2;4200;BERRIES;3851;6;3848;107;3847;472;3852;118;3853;604;3854;1262;3851.5;0.0
2;4200;BANANAS;4825;1;4824;1;4823;1;4826;143;4827;117;4828;712;4825.5;0.0
2;4200;DIVING_GEAR;99179;34;99178;61;99177;5;99186;10;99188;5;99189;15;99182.5;0.0
2;4200;PEARLS;9998;13;9996;41;9995;1096;10000;1;10002;9;10004;41;9999.0;0.0
2;4200;COCONUTS;7922;923;7921;738;7920;972;7923;189;7924;197;7925;991;7922.5;0.0
2;4300;BANANAS;4825;1;4824;1;4823;1;4826;165;4827;117;4828;712;4825.5;0.0
2;4300;DIVING_GEAR;99179;15;99178;61;99177;5;99186;10;99188;5;99189;15;99182.5;0.0
2;4300;PEARLS;9998;13;9996;42;9995;1117;10000;1;10002;9;10004;42;9999.0;0.0
2;4300;COCONUTS;7922;735;7921;738;7920;972;7923;189;7924;197;7925;991;7922.5;0.0
2;4300;PINA_COLADAS;14840;254;14839;304;14838;152;14843;99;14850;118;14851;97;14841.5;0.0
2;4300;BERRIES;3851;6;3848;107;3847;485;3852;118;3853;604;3854;1275;3851.5;0.0
2;4300;DOLPHIN_SIGHTINGS;;;;;;;;;;;;;3075.0;0.0
2;4400;BERRIES;3851;6;3848;107;3847;503;3852;118;3853;622;3854;1328;3851.5;0.0
2;4400;PEARLS;9998;13;9996;44;9995;1141;10000;1;10002;9;10004;44;9999.0;0.0
2;4400;BANANAS;4824;1;4823;1;4822;233;4825;1;4826;189;4827;117;4824.5;0.0
2;4400;DIVING_GEAR;99178;53;99177;5;99176;47;99186;10;99188;5;99189;15;99182.0;0.0
2;4400;COCONUTS;7922;735;7921;738;7920;1162;7923;379;7924;197;7925;991;7922.5;0.0
2;4400;PINA_COLADAS;14840;254;14839;304;14838;237;14841;85;14843;99;14850;118;14840.5;0.0
2;4400;DOLPHIN_SIGHTINGS;;;;;;;;;;;;;3075.0;0.0
2;4500;DOLPHIN_SIGHTINGS;;;;;;;;;;;;;3075.0;0.0
2;4500;PINA_COLADAS;14842;13;14840;254;14839;304;14843;99;14844;38;14845;60;14842.5;0.0
2;4500;PEARLS;9998;13;9996;45;9995;1166;10000;1;10002;9;10004;45;9999.0;0.0
2;4500;BANANAS;4823;1;4822;233;4821;730;4825;1;4826;215;4827;117;4824.0;0.0
2;4500;COCONUTS;7922;735;7921;945;7920;1162;7923;379;7924;404;7925;991;7922.5;0.0
2;4500;DIVING_GEAR;99178;33;99177;5;99176;47;99186;10;99188;5;99189;15;99182.0;0.0
2;4500;BERRIES;3851;6;3848;107;3847;513;3852;118;3853;622;3854;1338;3851.5;0.0
2;4600;DOLPHIN_SIGHTINGS;;;;;;;;;;;;;3075.0;0.0
2;4600;BERRIES;3851;6;3848;107;3847;513;3852;118;3853;634;3854;1393;3851.5;0.0
2;4600;PEARLS;9998;22;9996;47;9995;1187;10000;1;10002;9;10004;47;9999.0;0.0
2;4600;BANANAS;4823;1;4822;233;4821;730;4825;1;4826;238;4827;117;4824.0;0.0
2;4600;COCONUTS;7922;948;7921;945;7920;1162;7923;379;7924;404;7925;1204;7922.5;0.0
2;4600;DIVING_GEAR;99178;15;99177;5;99176;47;99186;10;99188;5;99189;15;99182.0;0.0
2;4600;PINA_COLADAS;14842;13;14841;93;14840;254;14843;99;14844;67;14845;124;14842.5;0.0
2;4700;PEARLS;9998;22;9996;49;9995;1214;10000;1;10002;9;10004;49;9999.0;0.0
2;4700;BANANAS;4823;1;4822;233;4821;730;4825;30;4826;238;4827;117;4824.0;0.0
2;4700;COCONUTS;7922;948;7921;945;7920;1162;7923;184;7924;404;7925;1204;7922.5;0.0
2;4700;DIVING_GEAR;99176;39;99174;5;99173;18;99186;10;99188;5;99189;15;99181.0;0.0
2;4700;BERRIES;3851;6;3848;107;3847;513;3852;118;3853;653;3854;1453;3851.5;0.0
2;4700;DOLPHIN_SIGHTINGS;;;;;;;;;;;;;3076.0;0.0
2;4700;PINA_COLADAS;14842;13;14841;93;14840;254;14844;52;14845;124;14846;40;14843.0;0.0
2;4800;BERRIES;3851;4;3848;107;3847;513;3852;135;3853;705;3854;1453;3851.5;0.0
2;4800;PEARLS;9998;22;9996;50;9995;1240;10000;1;10002;13;10004;50;9999.0;0.0
2;4800;BANANAS;4822;233;4821;730;4820;73;4823;3;4824;1;4825;56;4822.5;0.0
2;4800;COCONUTS;7922;1106;7921;945;7920;1162;7923;239;7924;404;7925;1362;7922.5;0.0
2;4800;DIVING_GEAR;99176;14;99174;5;99173;18;99186;10;99188;5;99189;15;99181.0;0.0
2;4800;PINA_COLADAS;14842;13;14841;177;14840;254;14844;136;14845;124;14846;40;14843.0;0.0
2;4800;DOLPHIN_SIGHTINGS;;;;;;;;;;;;;3076.0;0.0
2;4900;DOLPHIN_SIGHTINGS;;;;;;;;;;;;;3076.0;0.0
2;4900;PINA_COLADAS;14842;94;14841;177;14840;254;14844;136;14845;205;14846;40;14843.0;0.0
2;4900;PEARLS;9998;22;9996;52;9995;1265;10000;1;10002;13;10004;52;9999.0;0.0
2;4900;BANANAS;4822;233;4821;730;4820;73;4823;3;4824;3;4825;81;4822.5;0.0
2;4900;COCONUTS;7922;1106;7921;945;7920;1162;7923;23;7924;404;7925;1362;7922.5;0.0
2;4900;DIVING_GEAR;99173;18;99172;22;99171;21;99174;2;99186;10;99188;5;99173.5;0.0
2;4900;BERRIES;3851;4;3848;107;3847;513;3852;135;3853;718;3854;1513;3851.5;0.0
2;5000;DOLPHIN_SIGHTINGS;;;;;;;;;;;;;3076.0;0.0
2;5000;BERRIES;3851;4;3848;107;3847;527;3852;135;3853;732;3854;1571;3851.5;0.0
2;5000;PEARLS;9998;22;9996;52;9995;1291;10000;1;10002;13;10004;52;9999.0;0.0
2;5000;BANANAS;4822;231;4821;730;4820;73;4823;2;4824;29;4825;81;4822.5;0.0
2;5000;COCONUTS;7923;163;7922;1106;7921;945;7924;404;7925;1362;7926;1517;7923.5;0.0
2;5000;DIVING_GEAR;99182;22;99173;18;99172;22;99185;24;99186;10;99188;5;99183.5;0.0
2;5000;PINA_COLADAS;14842;94;14841;203;14840;307;14843;26;14844;189;14845;205;14842.5;0.0
2;5100;PEARLS;9998;22;9996;52;9995;1315;10000;1;10002;13;10004;52;9999.0;0.0
2;5100;BANANAS;4822;231;4821;730;4820;73;4823;2;4824;53;4825;81;4822.5;0.0
2;5100;COCONUTS;7923;163;7922;1283;7921;945;7924;467;7925;1476;7926;1517;7923.5;0.0
2;5100;DIVING_GEAR;99182;2;99178;20;99173;18;99185;24;99186;10;99188;5;99183.5;0.0
2;5100;BERRIES;3851;4;3848;107;3847;527;3852;135;3853;746;3854;1613;3851.5;0.0
2;5100;DOLPHIN_SIGHTINGS;;;;;;;;;;;;;3075.0;0.0
2;5100;PINA_COLADAS;14842;69;14841;203;14840;332;14843;90;14844;189;14845;205;14842.5;0.0
2;5200;BERRIES;3851;4;3848;107;3847;541;3852;135;3853;746;3854;1627;3851.5;0.0
2;5200;PEARLS;9998;22;9996;52;9995;1345;10000;1;10002;23;10004;52;9999.0;0.0
2;5200;COCONUTS;7923;163;7922;1491;7921;945;7924;467;7925;1684;7926;1517;7923.5;0.0
2;5200;DIVING_GEAR;99182;2;99180;23;99178;20;99183;23;99185;24;99186;10;99182.5;0.0
2;5200;PINA_COLADAS;14841;159;14840;332;14839;368;14843;90;14844;189;14845;205;14842.0;0.0
2;5200;BANANAS;4822;221;4821;730;4820;73;4823;2;4824;83;4825;81;4822.5;0.0
2;5200;DOLPHIN_SIGHTINGS;;;;;;;;;;;;;3075.0;0.0
2;5300;DOLPHIN_SIGHTINGS;;;;;;;;;;;;;3076.0;0.0
2;5300;PINA_COLADAS;14841;159;14840;406;14839;368;14843;164;14844;189;14845;205;14842.0;0.0
2;5300;BANANAS;4822;221;4821;730;4820;73;4823;2;4824;113;4825;81;4822.5;0.0
2;5300;DIVING_GEAR;99182;2;99181;26;99180;23;99183;23;99184;26;99185;24;99182.5;0.0
2;5300;PEARLS;9998;20;9996;53;9995;1374;10000;1;10002;23;10004;53;9999.0;0.0
2;5300;COCONUTS;7923;203;7922;1601;7921;945;7924;467;7925;1874;7926;1517;7923.5;0.0
2;5300;BERRIES;3851;4;3850;3;3848;107;3852;135;3853;765;3854;1686;3851.5;0.0
2;5400;BANANAS;4822;221;4821;730;4820;73;4823;2;4824;138;4825;81;4822.5;0.0
2;5400;DOLPHIN_SIGHTINGS;;;;;;;;;;;;;3076.0;0.0
2;5400;BERRIES;3851;4;3850;3;3848;107;3852;135;3853;765;3854;1701;3851.5;0.0
2;5400;DIVING_GEAR;99182;17;99181;26;99180;23;99183;13;99184;26;99185;34;99182.5;0.0
2;5400;PEARLS;9998;20;9996;53;9995;1399;10000;1;10002;23;10004;53;9999.0;0.0
2;5400;COCONUTS;7923;203;7922;1750;7921;945;7924;467;7925;2023;7926;1517;7923.5;0.0
2;5400;PINA_COLADAS;14841;159;14840;501;14839;368;14843;259;14844;189;14845;205;14842.0;0.0
2;5500;DIVING_GEAR;99182;17;99181;26;99180;23;99184;15;99185;34;99186;25;99183.0;0.0
2;5500;PEARLS;9998;20;9996;54;9995;1428;10000;1;10002;23;10004;54;9999.0;0.0
2;5500;COCONUTS;7923;203;7922;1936;7921;945;7924;467;7925;2209;7926;1517;7923.5;0.0
2;5500;BERRIES;3851;4;3850;3;3848;107;3852;135;3853;765;3854;1718;3851.5;0.0
2;5500;PINA_COLADAS;14841;139;14840;535;14839;388;14842;60;14843;259;14844;189;14841.5;0.0
2;5500;DOLPHIN_SIGHTINGS;;;;;;;;;;;;;3076.0;0.0
2;5500;BANANAS;4822;221;4821;733;4820;73;4823;3;4824;167;4825;81;4822.5;0.0
2;5600;BERRIES;3851;4;3850;3;3848;107;3852;135;3853;780;3854;1774;3851.5;0.0
2;5600;DIVING_GEAR;99182;17;99181;26;99180;23;99185;28;99186;25;99188;5;99183.5;0.0
2;5600;PEARLS;9998;20;9996;54;9995;1456;10000;1;10002;23;10004;54;9999.0;0.0
2;5600;COCONUTS;7923;396;7922;1936;7921;945;7924;467;7925;2209;7926;1710;7923.5;0.0
2;5600;PINA_COLADAS;14841;237;14840;535;14839;388;14842;60;14843;259;14844;287;14841.5;0.0
2;5600;BANANAS;4822;221;4821;733;4820;76;4823;3;4824;195;4825;81;4822.5;0.0
2;5600;DOLPHIN_SIGHTINGS;;;;;;;;;;;;;3075.0;0.0
2;5700;DOLPHIN_SIGHTINGS;;;;;;;;;;;;;3076.0;0.0
2;5700;PINA_COLADAS;14841;139;14840;535;14839;388;14842;60;14843;259;14844;287;14841.5;0.0
2;5700;BANANAS;4822;221;4821;733;4820;76;4823;29;4824;195;4825;81;4822.5;0.0
2;5700;DIVING_GEAR;99182;17;99181;26;99180;23;99185;6;99186;25;99188;5;99183.5;0.0
2;5700;PEARLS;9998;20;9996;55;9995;1481;10002;23;10004;55;10005;1481;10000.0;0.0
2;5700;COCONUTS;7923;396;7922;1936;7921;1153;7924;675;7925;2209;7926;1710;7923.5;0.0
2;5700;BERRIES;3851;4;3850;3;3848;107;3852;150;3853;839;3854;1774;3851.5;0.0
2;5800;BANANAS;4822;221;4821;733;4820;76;4823;50;4824;195;4825;81;4822.5;0.0
2;5800;DOLPHIN_SIGHTINGS;;;;;;;;;;;;;3075.0;0.0
2;5800;DIVING_GEAR;99182;17;99181;26;99180;23;99186;4;99188;5;99189;22;99184.0;0.0
2;5800;PEARLS;9998;20;9996;55;9995;1502;10002;23;10004;55;10005;1502;10000.0;0.0
2;5800;COCONUTS;7923;396;7922;1936;7921;1318;7924;840;7925;2209;7926;1710;7923.5;0.0
2;5800;BERRIES;3851;4;3850;3;3848;110;3852;169;3853;880;3854;1774;3851.5;0.0
2;5800;PINA_COLADAS;14841;62;14840;535;14839;388;14842;60;14843;259;14844;287;14841.5;0.0
2;5900;DIVING_GEAR;99182;17;99181;26;99180;23;99189;8;99190;101;99191;20;99185.5;0.0
2;5900;PEARLS;9998;20;9996;55;9995;1532;10002;23;10004;55;10005;1532;10000.0;0.0
2;5900;COCONUTS;7923;396;7922;1936;7921;1520;7924;1042;7925;2209;7926;1710;7923.5;0.0
2;5900;BERRIES;3851;4;3850;3;3848;110;3852;184;3853;934;3854;1774;3851.5;0.0
2;5900;DOLPHIN_SIGHTINGS;;;;;;;;;;;;;3076.0;0.0
2;5900;PINA_COLADAS;14841;62;14840;535;14839;480;14842;152;14843;259;14844;287;14841.5;0.0
2;5900;BANANAS;4822;221;4821;733;4820;76;4823;80;4824;195;4825;81;4822.5;0.0
2;6000;DIVING_GEAR;99184;5;99183;14;99182;17;99186;5;99187;14;99189;8;99185.0;0.0
2;6000;PEARLS;9998;20;9996;57;9995;1558;10002;23;10004;57;10005;1558;10000.0;0.0
2;6000;COCONUTS;7923;396;7922;2120;7921;1520;7924;1042;7925;2393;7926;1710;7923.5;0.0
2;6000;BERRIES;3851;3;3850;3;3848;110;3852;184;3853;948;3854;1823;3851.5;0.0
2;6000;PINA_COLADAS;14841;62;14840;535;14839;480;14842;58;14843;259;14844;287;14841.5;0.0
2;6000;BANANAS;4822;221;4821;733;4820;76;4823;108;4824;195;4825;81;4822.5;0.0
2;6000;DOLPHIN_SIGHTINGS;;;;;;;;;;;;;3076.0;0.0
2;6100;DOLPHIN_SIGHTINGS;;;;;;;;;;;;;3076.0;0.0
2;6100;PINA_COLADAS;14841;39;14840;535;14839;503;14842;121;14843;259;14844;287;14841.5;0.0
2;6100;BANANAS;4822;221;4821;733;4820;76;4823;135;4824;195;4825;81;4822.5;0.0
2;6100;DIVING_GEAR;99184;5;99183;14;99182;17;99187;1;99189;8;99190;101;99185.5;0.0
2;6100;PEARLS;9998;20;9996;58;9995;1584;10002;23;10004;58;10005;1584;10000.0;0.0
2;6100;COCONUTS;7923;321;7922;2120;7921;1701;7924;1223;7925;2393;7926;1710;7923.5;0.0
2;6100;BERRIES;3848;110;3847;592;3846;1739;3849;17;3852;184;3853;961;3848.5;0.0
2;6200;BANANAS;4822;221;4821;733;4820;76;4823;156;4824;195;4825;81;4822.5;0.0
2;6200;DOLPHIN_SIGHTINGS;;;;;;;;;;;;;3076.0;0.0
2;6200;DIVING_GEAR;99184;5;99183;14;99182;17;99190;92;99191;20;99192;8;99187.0;0.0
2;6200;PEARLS;9998;20;9996;59;9995;1604;10002;23;10004;59;10005;1604;10000.0;0.0
2;6200;COCONUTS;7923;321;7922;2120;7921;1872;7924;1394;7925;2393;7926;1710;7923.5;0.0
2;6200;BERRIES;3848;110;3847;604;3846;1796;3849;17;3852;184;3853;961;3848.5;0.0
2;6200;PINA_COLADAS;14840;466;14839;503;14838;576;14842;121;14843;259;14844;287;14841.0;0.0
2;6300;DIVING_GEAR;99184;5;99183;14;99182;17;99190;72;99191;20;99192;8;99187.0;0.0
2;6300;PEARLS;9998;20;9996;61;9995;1634;10002;23;10004;61;10005;1634;10000.0;0.0
2;6300;COCONUTS;7923;155;7922;2120;7921;1872;7924;1394;7925;2393;7926;1710;7923.5;0.0
2;6300;BERRIES;3848;110;3847;616;3846;1843;3849;22;3852;184;3853;961;3848.5;0.0
2;6300;DOLPHIN_SIGHTINGS;;;;;;;;;;;;;3076.0;0.0
2;6300;PINA_COLADAS;14840;363;14839;503;14838;576;14842;121;14843;259;14844;287;14841.0;0.0
2;6300;BANANAS;4822;221;4821;733;4820;76;4823;188;4824;195;4825;81;4822.5;0.0
2;6400;DIVING_GEAR;99184;5;99183;14;99182;17;99190;47;99191;20;99192;8;99187.0;0.0
2;6400;PEARLS;9998;20;9996;62;9995;1657;10002;23;10004;62;10005;1657;10000.0;0.0
2;6400;COCONUTS;7922;2089;7921;1872;7920;1328;7924;1394;7925;2393;7926;1710;7923.0;0.0
2;6400;BERRIES;3848;110;3847;634;3846;1896;3849;22;3852;184;3853;961;3848.5;0.0
2;6400;PINA_COLADAS;14840;278;14839;503;14838;576;14842;121;14843;259;14844;287;14841.0;0.0
2;6400;BANANAS;4822;220;4821;733;4820;76;4823;189;4824;218;4825;81;4822.5;0.0
2;6400;DOLPHIN_SIGHTINGS;;;;;;;;;;;;;3076.0;0.0
2;6500;DOLPHIN_SIGHTINGS;;;;;;;;;;;;;3077.0;0.0
2;6500;PINA_COLADAS;14840;190;14839;503;14838;576;14842;121;14843;259;14844;287;14841.0;0.0
2;6500;BANANAS;4822;216;4821;733;4820;76;4823;215;4824;218;4825;81;4822.5;0.0
2;6500;DIVING_GEAR;99184;5;99183;14;99182;17;99190;19;99191;20;99192;8;99187.0;0.0
2;6500;PEARLS;9998;21;9996;62;9995;1683;10002;22;10004;62;10005;1683;10000.0;0.0
2;6500;COCONUTS;7922;1892;7921;1872;7920;1328;7924;1394;7925;2393;7926;1710;7923.0;0.0
2;6500;BERRIES;3848;110;3847;652;3846;1953;3849;22;3852;184;3853;961;3848.5;0.0
2;6600;BANANAS;4822;215;4821;733;4820;76;4823;241;4824;218;4825;81;4822.5;0.0
2;6600;DOLPHIN_SIGHTINGS;;;;;;;;;;;;;3077.0;0.0
2;6600;DIVING_GEAR;99184;5;99183;14;99182;17;99191;15;99192;8;99193;60;99187.5;0.0
2;6600;PEARLS;9998;21;9996;63;9995;1709;10002;22;10004;63;10005;1709;10000.0;0.0
2;6600;COCONUTS;7922;1678;7921;1872;7920;1328;7924;1394;7925;2393;7926;1710;7923.0;0.0
2;6600;BERRIES;3848;110;3847;652;3846;1967;3849;22;3852;184;3853;975;3848.5;0.0
2;6600;PINA_COLADAS;14840;80;14839;503;14838;576;14842;121;14843;259;14844;287;14841.0;0.0
2;6700;DIVING_GEAR;99186;9;99185;15;99184;5;99188;9;99189;15;99191;15;99187.0;0.0
2;6700;COCONUTS;7922;1491;7921;1872;7920;1328;7924;1394;7925;2393;7926;1710;7923.0;0.0
2;6700;BERRIES;3848;110;3847;667;3846;2025;3849;22;3852;184;3853;990;3848.5;0.0
2;6700;DOLPHIN_SIGHTINGS;;;;;;;;;;;;;3077.0;0.0
2;6700;PINA_COLADAS;14839;482;14838;576;14837;363;14842;121;14843;259;14844;287;14840.5;0.0
2;6700;PEARLS;10000;2;9998;21;9996;63;10002;22;10004;63;10005;1731;10001.0;0.0
2;6700;BANANAS;4822;210;4821;733;4820;76;4823;263;4824;218;4825;81;4822.5;0.0
2;6800;COCONUTS;7922;1318;7921;1872;7920;1328;7924;1394;7925;2393;7926;1710;7923.0;0.0
2;6800;DIVING_GEAR;99185;6;99184;5;99183;14;99188;9;99189;15;99191;15;99186.5;0.0
2;6800;BERRIES;3848;110;3847;667;3846;2036;3849;22;3852;184;3853;1001;3848.5;0.0
2;6800;PINA_COLADAS;14839;385;14838;576;14837;363;14842;121;14843;259;14844;287;14840.5;0.0
2;6800;PEARLS;10000;2;9998;26;9996;65;10002;22;10004;65;10005;1758;10001.0;0.0
2;6800;BANANAS;4822;210;4821;733;4820;76;4823;292;4824;218;4825;81;4822.5;0.0
2;6800;DOLPHIN_SIGHTINGS;;;;;;;;;;;;;3077.0;0.0
2;6900;DOLPHIN_SIGHTINGS;;;;;;;;;;;;;3077.0;0.0
2;6900;PINA_COLADAS;14839;300;14838;576;14837;363;14842;121;14843;259;14844;287;14840.5;0.0
2;6900;PEARLS;9998;23;9996;67;9995;1788;10002;22;10004;67;10005;1788;10000.0;0.0
2;6900;BANANAS;4822;208;4821;733;4820;76;4823;322;4824;218;4825;81;4822.5;0.0
2;6900;COCONUTS;7922;1153;7921;1872;7920;1328;7924;1394;7925;2393;7926;1710;7923.0;0.0
2;6900;BERRIES;3848;110;3847;667;3846;2047;3849;22;3852;184;3853;1012;3848.5;0.0
2;6900;DIVING_GEAR;99185;24;99184;5;99183;14;99188;27;99189;15;99191;15;99186.5;0.0
2;7000;PEARLS;9998;33;9996;69;9995;1814;10002;22;10004;69;10005;1814;10000.0;0.0
2;7000;BANANAS;4822;180;4821;733;4820;76;4823;322;4824;218;4825;81;4822.5;0.0
2;7000;DOLPHIN_SIGHTINGS;;;;;;;;;;;;;3077.0;0.0
2;7000;COCONUTS;7922;985;7921;1872;7920;1328;7924;1394;7925;2393;7926;1710;7923.0;0.0
2;7000;BERRIES;3848;110;3847;667;3846;2064;3849;22;3852;201;3853;1066;3848.5;0.0
2;7000;DIVING_GEAR;99185;24;99184;12;99183;31;99186;7;99187;17;99188;27;99185.5;0.0
2;7000;PINA_COLADAS;14839;204;14838;576;14837;363;14842;121;14843;259;14844;287;14840.5;0.0
2;7100;COCONUTS;7922;829;7921;1872;7920;1328;7924;1394;7925;2393;7926;1710;7923.0;0.0
2;7100;BERRIES;3848;110;3847;667;3846;2064;3849;15;3852;211;3853;1109;3848.5;0.0
2;7100;DIVING_GEAR;99185;8;99184;12;99183;31;99186;7;99187;17;99188;27;99185.5;0.0
2;7100;DOLPHIN_SIGHTINGS;;;;;;;;;;;;;3077.0;0.0
2;7100;PINA_COLADAS;14839;128;14838;576;14837;363;14842;121;14843;259;14844;287;14840.5;0.0
2;7100;PEARLS;9998;34;9996;71;9995;1840;10002;22;10004;71;10005;1840;10000.0;0.0
2;7100;BANANAS;4822;177;4821;733;4820;76;4823;350;4824;218;4825;81;4822.5;0.0
2;7200;COCONUTS;7922;641;7921;1872;7920;1328;7924;1394;7925;2393;7926;1710;7923.0;0.0
2;7200;BERRIES;3848;110;3847;667;3846;2075;3849;15;3852;211;3853;1173;3848.5;0.0
2;7200;DIVING_GEAR;99184;0;99183;31;99182;17;99186;7;99187;17;99188;27;99185.0;0.0
2;7200;PINA_COLADAS;14839;33;14838;576;14837;363;14842;121;14843;259;14844;287;14840.5;0.0
2;7200;PEARLS;9998;34;9996;72;9995;1860;10002;22;10004;72;10005;1860;10000.0;0.0
2;7200;BANANAS;4822;156;4821;733;4820;76;4823;350;4824;218;4825;81;4822.5;0.0
2;7200;DOLPHIN_SIGHTINGS;;;;;;;;;;;;;3077.0;0.0
2;7300;DOLPHIN_SIGHTINGS;;;;;;;;;;;;;3077.0;0.0
2;7300;PINA_COLADAS;14838;529;14837;363;14836;297;14842;121;14843;259;14844;287;14840.0;0.0
2;7300;PEARLS;9998;34;9996;72;9995;1883;10002;22;10004;72;10005;1883;10000.0;0.0
2;7300;BANANAS;4822;133;4821;733;4820;76;4823;350;4824;218;4825;81;4822.5;0.0
2;7300;COCONUTS;7922;439;7921;1872;7920;1328;7924;1394;7925;2393;7926;1710;7923.0;0.0
2;7300;BERRIES;3848;110;3847;667;3846;2092;3849;15;3852;211;3853;1190;3848.5;0.0
2;7300;DIVING_GEAR;99183;5;99182;17;99181;26;99186;7;99187;17;99188;27;99184.5;0.0
2;7400;BANANAS;4822;110;4821;733;4820;76;4823;350;4824;218;4825;81;4822.5;0.0
2;7400;PEARLS;9998;34;9996;73;9995;1905;10002;22;10004;73;10005;1905;10000.0;0.0
2;7400;DOLPHIN_SIGHTINGS;;;;;;;;;;;;;3077.0;0.0
2;7400;COCONUTS;7922;178;7921;1872;7920;1328;7924;1394;7925;2393;7926;1710;7923.0;0.0
2;7400;BERRIES;3848;110;3847;683;3846;2146;3849;15;3852;211;3853;1206;3848.5;0.0
2;7400;DIVING_GEAR;99181;23;99180;23;99179;18;99186;7;99187;17;99188;27;99183.5;0.0
2;7400;PINA_COLADAS;14838;454;14837;363;14836;297;14842;121;14843;259;14844;287;14840.0;0.0
2;7500;COCONUTS;7921;1866;7920;1328;7919;1735;7924;1394;7925;2393;7926;1710;7922.5;0.0
2;7500;BERRIES;3848;110;3847;683;3846;2157;3849;15;3852;211;3853;1217;3848.5;0.0
2;7500;DIVING_GEAR;99181;2;99180;23;99179;18;99186;7;99187;17;99188;27;99183.5;0.0
2;7500;DOLPHIN_SIGHTINGS;;;;;;;;;;;;;3077.0;0.0
2;7500;PINA_COLADAS;14838;347;14837;363;14836;297;14842;121;14843;259;14844;287;14840.0;0.0
2;7500;BANANAS;4822;78;4821;733;4820;76;4823;350;4824;218;4825;81;4822.5;0.0
2;7500;PEARLS;9998;34;9996;75;9995;1935;10000;5;10002;22;10004;75;9999.0;0.0
2;7600;COCONUTS;7921;1644;7920;1328;7919;1735;7924;1394;7925;2393;7926;1710;7922.5;0.0
2;7600;BERRIES;3848;110;3847;683;3846;2175;3849;15;3852;211;3853;1235;3848.5;0.0
2;7600;PINA_COLADAS;14838;251;14837;363;14836;297;14842;121;14843;259;14844;287;14840.0;0.0
2;7600;BANANAS;4822;54;4821;733;4820;76;4823;350;4824;218;4825;81;4822.5;0.0
2;7600;DIVING_GEAR;99179;16;99178;20;99176;6;99186;7;99187;17;99188;27;99182.5;0.0
2;7600;PEARLS;9998;34;9996;77;9995;1957;10000;5;10002;22;10004;77;9999.0;0.0
2;7600;DOLPHIN_SIGHTINGS;;;;;;;;;;;;;3077.0;0.0
2;7700;PINA_COLADAS;14838;171;14837;363;14836;297;14842;121;14843;259;14844;287;14840.0;0.0
2;7700;DOLPHIN_SIGHTINGS;;;;;;;;;;;;;3077.0;0.0
2;7700;BANANAS;4822;24;4821;733;4820;76;4823;350;4824;218;4825;81;4822.5;0.0
2;7700;DIVING_GEAR;99178;8;99176;6;99175;10;99186;7;99187;17;99188;27;99182.0;0.0
2;7700;PEARLS;9998;34;9996;79;9995;1977;10000;5;10002;30;10004;79;9999.0;0.0
2;7700;COCONUTS;7921;1475;7920;1328;7919;1735;7924;1394;7925;2393;7926;1710;7922.5;0.0
2;7700;BERRIES;3848;110;3847;683;3846;2175;3849;15;3851;20;3852;270;3848.5;0.0
2;7800;BANANAS;4821;722;4820;76;4819;220;4823;350;4824;218;4825;81;4822.0;0.0
2;7800;DIVING_GEAR;99175;6;99173;18;99172;22;99186;7;99187;17;99188;27;99180.5;0.0
2;7800;PEARLS;9998;34;9996;81;9995;2000;10000;5;10002;40;10004;81;9999.0;0.0
2;7800;DOLPHIN_SIGHTINGS;;;;;;;;;;;;;3077.0;0.0
2;7800;COCONUTS;7921;1294;7920;1328;7919;1735;7924;1394;7925;2393;7926;1710;7922.5;0.0
2;7800;BERRIES;3848;110;3847;683;3846;2187;3849;11;3851;20;3852;270;3848.5;0.0
2;7800;PINA_COLADAS;14838;75;14837;363;14836;297;14842;121;14843;259;14844;287;14840.0;0.0
2;7900;BERRIES;3848;110;3847;683;3846;2207;3849;11;3851;20;3852;290;3848.5;0.0
2;7900;PINA_COLADAS;14837;343;14836;297;14835;56;14842;121;14843;259;14844;287;14839.5;0.0
2;7900;DOLPHIN_SIGHTINGS;;;;;;;;;;;;;3077.0;0.0
2;7900;BANANAS;4821;691;4820;76;4819;220;4823;350;4824;218;4825;81;4822.0;0.0
2;7900;DIVING_GEAR;99172;17;99171;21;99170;25;99186;7;99187;17;99188;27;99179.0;0.0
2;7900;PEARLS;9998;34;9996;82;9995;2030;10000;8;10002;40;10004;82;9999.0;0.0
2;7900;COCONUTS;7921;1079;7920;1328;7919;1735;7924;1394;7925;2393;7926;1710;7922.5;0.0
2;8000;DOLPHIN_SIGHTINGS;;;;;;;;;;;;;3077.0;0.0
2;8000;PINA_COLADAS;14837;251;14836;297;14835;56;14842;121;14843;259;14844;287;14839.5;0.0
2;8000;BERRIES;3848;110;3847;683;3846;2207;3849;11;3851;20;3852;302;3848.5;0.0
2;8000;BANANAS;4821;661;4820;76;4819;220;4823;350;4824;218;4825;81;4822.0;0.0
2;8000;DIVING_GEAR;99171;20;99170;25;99169;9;99186;7;99187;17;99188;27;99178.5;0.0
2;8000;PEARLS;9998;33;9996;84;9995;2057;10000;5;10002;40;10004;84;9999.0;0.0
2;8000;COCONUTS;7921;886;7920;1328;7919;1735;7924;1394;7925;2393;7926;1710;7922.5;0.0
2;8100;PINA_COLADAS;14837;171;14836;297;14835;56;14842;121;14843;259;14844;287;14839.5;0.0
2;8100;BANANAS;4821;638;4820;76;4819;220;4823;350;4824;218;4825;81;4822.0;0.0
2;8100;DIVING_GEAR;99171;1;99170;25;99169;9;99186;7;99187;17;99188;27;99178.5;0.0
2;8100;PEARLS;9998;36;9996;86;9995;2077;10000;5;10002;40;10004;86;9999.0;0.0
2;8100;COCONUTS;7921;690;7920;1328;7919;1735;7924;1394;7925;2393;7926;1710;7922.5;0.0
2;8100;BERRIES;3848;110;3847;683;3846;2207;3849;11;3851;20;3852;314;3848.5;0.0
2;8100;DOLPHIN_SIGHTINGS;;;;;;;;;;;;;3077.0;0.0
2;8200;BANANAS;4821;610;4820;76;4819;220;4823;350;4824;218;4825;81;4822.0;0.0
2;8200;DIVING_GEAR;99169;6;99168;19;99167;25;99186;7;99187;17;99188;27;99177.5;0.0
2;8200;PEARLS;9998;36;9996;87;9995;2104;10000;0;10002;40;10004;87;9999.0;0.0
2;8200;COCONUTS;7921;487;7920;1328;7919;1735;7924;1394;7925;2393;7926;1710;7922.5;0.0
2;8200;DOLPHIN_SIGHTINGS;;;;;;;;;;;;;3077.0;0.0
2;8200;PINA_COLADAS;14837;63;14836;297;14835;56;14842;121;14843;259;14844;287;14839.5;0.0
2;8200;BERRIES;3848;110;3847;683;3846;2226;3849;11;3851;20;3852;314;3848.5;0.0
2;8300;BERRIES;3848;110;3847;683;3846;2242;3849;11;3851;20;3852;314;3848.5;0.0
2;8300;DOLPHIN_SIGHTINGS;;;;;;;;;;;;;3077.0;0.0
2;8300;PINA_COLADAS;14836;244;14835;56;14834;81;14842;121;14843;259;14844;287;14839.0;0.0
2;8300;BANANAS;4821;585;4820;76;4819;220;4823;350;4824;218;4825;81;4822.0;0.0
2;8300;DIVING_GEAR;99167;24;99164;2;99163;10;99186;7;99187;17;99188;27;99176.5;0.0
2;8300;PEARLS;9998;36;9996;87;9995;2129;10000;0;10002;40;10004;87;9999.0;0.0
2;8300;COCONUTS;7921;324;7920;1328;7919;1735;7924;1394;7925;2393;7926;1710;7922.5;0.0
2;8400;DOLPHIN_SIGHTINGS;;;;;;;;;;;;;3077.0;0.0
2;8400;PINA_COLADAS;14836;164;14835;56;14834;81;14842;121;14843;259;14844;287;14839.0;0.0
2;8400;BERRIES;3848;110;3847;683;3846;2258;3849;11;3851;20;3852;314;3848.5;0.0
2;8400;BANANAS;4821;558;4820;76;4819;220;4823;350;4824;218;4825;81;4822.0;0.0
2;8400;DIVING_GEAR;99164;1;99163;10;99162;36;99186;7;99187;17;99188;27;99175.0;0.0
2;8400;PEARLS;9998;36;9996;88;9995;2155;10000;0;10002;40;10004;88;9999.0;0.0
2;8400;COCONUTS;7921;114;7920;1328;7919;1735;7924;1394;7925;2393;7926;1710;7922.5;0.0
2;8500;PINA_COLADAS;14836;71;14835;56;14834;81;14842;121;14843;259;14844;287;14839.0;0.0
2;8500;BANANAS;4821;531;4820;76;4819;220;4823;350;4824;218;4825;81;4822.0;0.0
2;8500;DIVING_GEAR;99162;21;99161;15;99160;14;99186;7;99187;17;99188;27;99174.0;0.0
2;8500;PEARLS;9998;36;9996;90;9995;2180;10000;0;10002;40;10004;90;9999.0;0.0
2;8500;COCONUTS;7920;1203;7919;1735;7918;256;7924;1394;7925;2393;7926;1710;7922.0;0.0
2;8500;BERRIES;3848;110;3847;683;3846;2274;3849;11;3851;20;3852;330;3848.5;0.0
2;8500;DOLPHIN_SIGHTINGS;;;;;;;;;;;;;3077.0;0.0
2;8600;BANANAS;4821;500;4820;76;4819;220;4823;350;4824;218;4825;81;4822.0;0.0
2;8600;DIVING_GEAR;99161;11;99160;14;99159;58;99186;7;99187;17;99188;27;99173.5;0.0
2;8600;PEARLS;9998;39;9996;92;9995;2209;10000;0;10002;40;10004;92;9999.0;0.0
2;8600;COCONUTS;7920;994;7919;1735;7918;256;7924;1394;7925;2393;7926;1710;7922.0;0.0
2;8600;DOLPHIN_SIGHTINGS;;;;;;;;;;;;;3077.0;0.0
2;8600;PINA_COLADAS;14835;32;14834;81;14833;300;14842;121;14843;259;14844;287;14838.5;0.0
2;8600;BERRIES;3848;110;3847;683;3846;2274;3849;11;3851;20;3852;348;3848.5;0.0
2;8700;BERRIES;3848;110;3847;683;3846;2274;3849;11;3851;20;3852;367;3848.5;0.0
2;8700;DOLPHIN_SIGHTINGS;;;;;;;;;;;;;3078.0;0.0
2;8700;PINA_COLADAS;14834;13;14833;300;14832;148;14842;121;14843;259;14844;287;14838.0;0.0
2;8700;BANANAS;4821;474;4820;76;4819;220;4823;350;4824;218;4825;81;4822.0;0.0
2;8700;DIVING_GEAR;99160;0;99159;58;99156;9;99186;7;99187;17;99188;27;99173.0;0.0
2;8700;PEARLS;9998;39;9996;94;9995;2233;10000;0;10002;40;10004;94;9999.0;0.0
2;8700;COCONUTS;7920;787;7919;1735;7918;256;7924;1394;7925;2393;7926;1710;7922.0;0.0
2;8800;DOLPHIN_SIGHTINGS;;;;;;;;;;;;;3078.0;0.0
2;8800;PINA_COLADAS;14833;231;14832;148;14831;97;14842;121;14843;259;14844;287;14837.5;0.0
2;8800;BERRIES;3848;110;3847;683;3846;2274;3849;11;3851;30;3852;420;3848.5;0.0
2;8800;BANANAS;4821;443;4820;76;4819;220;4823;350;4824;218;4825;81;4822.0;0.0
2;8800;DIVING_GEAR;99159;39;99156;9;99155;26;99186;7;99187;17;99188;27;99172.5;0.0
2;8800;PEARLS;9998;28;9996;96;9995;2262;10000;0;10002;40;10004;96;9999.0;0.0
2;8800;COCONUTS;7920;631;7919;1735;7918;256;7924;1394;7925;2393;7926;1710;7922.0;0.0
2;8900;PEARLS;9998;28;9996;97;9995;2289;10000;0;10002;46;10004;97;9999.0;0.0
2;8900;BANANAS;4821;409;4820;76;4819;220;4823;350;4824;218;4825;81;4822.0;0.0
2;8900;DIVING_GEAR;99159;19;99156;9;99155;26;99186;7;99187;17;99188;27;99172.5;0.0
2;8900;COCONUTS;7920;452;7919;1735;7918;256;7924;1394;7925;2393;7926;1710;7922.0;0.0
2;8900;PINA_COLADAS;14833;128;14832;148;14831;97;14842;121;14843;259;14844;287;14837.5;0.0
2;8900;BERRIES;3848;113;3847;683;3846;2274;3849;11;3851;30;3852;432;3848.5;0.0
2;8900;DOLPHIN_SIGHTINGS;;;;;;;;;;;;;3078.0;0.0
2;9000;PEARLS;9998;37;9996;97;9995;2311;10000;0;10002;46;10004;97;9999.0;0.0
2;9000;BANANAS;4821;387;4820;76;4819;220;4823;350;4824;218;4825;81;4822.0;0.0
2;9000;COCONUTS;7920;263;7919;1735;7918;256;7924;1394;7925;2393;7926;1710;7922.0;0.0
2;9000;DIVING_GEAR;99156;1;99155;26;99154;29;99186;7;99187;17;99188;27;99171.0;0.0
2;9000;DOLPHIN_SIGHTINGS;;;;;;;;;;;;;3078.0;0.0
2;9000;PINA_COLADAS;14833;36;14832;148;14831;97;14842;121;14843;259;14844;287;14837.5;0.0
2;9000;BERRIES;3848;113;3847;683;3846;2274;3849;11;3851;50;3852;474;3848.5;0.0
2;9100;BERRIES;3848;113;3847;683;3846;2274;3849;11;3851;66;3852;534;3848.5;0.0
2;9100;DOLPHIN_SIGHTINGS;;;;;;;;;;;;;3078.0;0.0
2;9100;PEARLS;9998;37;9996;98;9995;2340;10000;0;10002;46;10004;98;9999.0;0.0
2;9100;BANANAS;4821;356;4820;76;4819;220;4823;350;4824;218;4825;81;4822.0;0.0
2;9100;COCONUTS;7920;60;7919;1735;7918;256;7924;1394;7925;2393;7926;1710;7922.0;0.0
2;9100;DIVING_GEAR;99155;4;99154;29;99153;10;99186;7;99187;17;99188;27;99170.5;0.0
2;9100;PINA_COLADAS;14832;97;14831;97;14829;101;14842;121;14843;259;14844;287;14837.0;0.0
2;9200;DOLPHIN_SIGHTINGS;;;;;;;;;;;;;3078.0;0.0
2;9200;PINA_COLADAS;14831;96;14829;101;14828;146;14842;121;14843;259;14844;287;14836.5;0.0
2;9200;BERRIES;3848;113;3847;683;3846;2274;3849;11;3851;84;3852;584;3848.5;0.0
2;9200;PEARLS;9998;37;9996;100;9995;2362;10000;0;10002;48;10004;100;9999.0;0.0
2;9200;BANANAS;4821;330;4820;76;4819;220;4823;350;4824;218;4825;81;4822.0;0.0
2;9200;COCONUTS;7919;1571;7918;256;7917;340;7924;1394;7925;2393;7926;1710;7921.5;0.0
2;9200;DIVING_GEAR;99154;10;99153;10;99152;33;99186;7;99187;17;99188;27;99170.0;0.0
2;9300;PEARLS;9998;37;9996;101;9995;2392;10000;0;10002;48;10004;101;9999.0;0.0
2;9300;BANANAS;4821;299;4820;76;4819;220;4823;350;4824;218;4825;81;4822.0;0.0
2;9300;COCONUTS;7919;1392;7918;256;7917;340;7924;1394;7925;2393;7926;1710;7921.5;0.0
2;9300;DIVING_GEAR;99153;10;99152;33;99151;26;99154;16;99186;7;99187;17;99153.5;0.0
2;9300;PINA_COLADAS;14831;2;14829;101;14828;146;14842;121;14843;259;14844;287;14836.5;0.0
2;9300;BERRIES;3848;113;3847;683;3846;2274;3849;11;3851;100;3852;627;3848.5;0.0
2;9300;DOLPHIN_SIGHTINGS;;;;;;;;;;;;;3078.0;0.0
2;9400;PEARLS;10000;2;9998;37;9996;103;10002;48;10004;103;10005;2418;10001.0;0.0
2;9400;BANANAS;4821;271;4820;76;4819;220;4823;350;4824;218;4825;81;4822.0;0.0
2;9400;COCONUTS;7919;1175;7918;256;7917;340;7924;1394;7925;2393;7926;1710;7921.5;0.0
2;9400;DIVING_GEAR;99152;18;99151;26;99150;9;99154;16;99186;7;99187;17;99153.0;0.0
2;9400;DOLPHIN_SIGHTINGS;;;;;;;;;;;;;3078.0;0.0
2;9400;PINA_COLADAS;14829;1;14828;146;14827;281;14842;121;14843;259;14844;287;14835.5;0.0
2;9400;BERRIES;3848;113;3847;683;3846;2274;3849;11;3851;100;3852;704;3848.5;0.0
2;9500;BERRIES;3848;113;3847;683;3846;2274;3849;11;3851;100;3852;722;3848.5;0.0
2;9500;DOLPHIN_SIGHTINGS;;;;;;;;;;;;;3078.0;0.0
2;9500;PEARLS;10000;2;9998;37;9996;105;10002;48;10004;105;10005;2441;10001.0;0.0
2;9500;BANANAS;4821;246;4820;76;4819;220;4823;350;4824;218;4825;81;4822.0;0.0
2;9500;COCONUTS;7919;1005;7918;256;7917;340;7924;1394;7925;2393;7926;1710;7921.5;0.0
2;9500;DIVING_GEAR;99151;16;99150;9;99149;49;99154;16;99186;7;99187;17;99152.5;0.0
2;9500;PINA_COLADAS;14828;56;14827;281;14826;391;14842;121;14843;259;14844;287;14835.0;0.0
2;9600;DOLPHIN_SIGHTINGS;;;;;;;;;;;;;3077.0;0.0
2;9600;PINA_COLADAS;14827;281;14826;391;14825;662;14828;45;14842;121;14843;259;14827.5;0.0
2;9600;BERRIES;3848;113;3847;683;3846;2274;3849;11;3851;111;3852;770;3848.5;0.0
2;9600;PEARLS;9998;37;9996;105;9995;2471;10000;1;10002;48;10004;105;9999.0;0.0
2;9600;COCONUTS;7919;771;7918;256;7917;340;7924;1394;7925;2393;7926;1710;7921.5;0.0
2;9600;DIVING_GEAR;99150;7;99149;49;99148;89;99154;16;99186;7;99187;17;99152.0;0.0
2;9600;BANANAS;4821;215;4820;76;4819;220;4823;350;4824;218;4825;81;4822.0;0.0
2;9700;BANANAS;4821;192;4820;76;4819;220;4823;350;4824;218;4825;81;4822.0;0.0
2;9700;PEARLS;9998;37;9996;107;9995;2491;10000;1;10002;48;10004;107;9999.0;0.0
2;9700;COCONUTS;7919;614;7918;256;7917;340;7924;1394;7925;2393;7926;1710;7921.5;0.0
2;9700;DIVING_GEAR;99149;37;99148;89;99147;22;99154;16;99186;7;99187;17;99151.5;0.0
2;9700;PINA_COLADAS;14827;281;14826;482;14825;662;14828;45;14829;91;14842;121;14827.5;0.0
2;9700;BERRIES;3848;113;3847;683;3846;2274;3849;11;3851;111;3852;835;3848.5;0.0
2;9700;DOLPHIN_SIGHTINGS;;;;;;;;;;;;;3078.0;0.0
2;9800;DIVING_GEAR;99149;15;99148;89;99147;22;99154;16;99186;7;99187;17;99151.5;0.0
2;9800;PEARLS;9998;37;9996;107;9995;2512;10000;1;10002;48;10004;107;9999.0;0.0
2;9800;COCONUTS;7919;467;7918;256;7917;340;7924;1394;7925;2393;7926;1710;7921.5;0.0
2;9800;BANANAS;4821;171;4820;76;4819;220;4823;350;4824;218;4825;81;4822.0;0.0
2;9800;DOLPHIN_SIGHTINGS;;;;;;;;;;;;;3077.0;0.0
2;9800;PINA_COLADAS;14827;281;14826;515;14825;716;14828;78;14829;145;14842;121;14827.5;0.0
2;9800;BERRIES;3848;113;3847;683;3846;2274;3849;11;3851;111;3852;848;3848.5;0.0
2;9900;BERRIES;3848;113;3847;683;3846;2286;3849;11;3851;111;3852;860;3848.5;0.0
2;9900;DOLPHIN_SIGHTINGS;;;;;;;;;;;;;3077.0;0.0
2;9900;BANANAS;4821;149;4820;76;4819;220;4823;350;4824;218;4825;81;4822.0;0.0
2;9900;DIVING_GEAR;99148;82;99147;22;99146;48;99154;16;99186;7;99187;17;99151.0;0.0
2;9900;PEARLS;9998;37;9996;108;9995;2533;10000;1;10002;48;10004;108;9999.0;0.0
2;9900;COCONUTS;7919;309;7918;256;7917;340;7924;1394;7925;2393;7926;1710;7921.5;0.0
2;9900;PINA_COLADAS;14827;309;14826;595;14825;716;14828;78;14829;225;14842;121;14827.5;0.0
2;10000;PINA_COLADAS;14827;309;14826;595;14825;716;14829;199;14831;34;14832;70;14828.0;0.0
2;10000;DOLPHIN_SIGHTINGS;;;;;;;;;;;;;3077.0;0.0
2;10000;BERRIES;3848;113;3847;683;3846;2286;3849;11;3851;111;3852;872;3848.5;0.0
2;10000;DIVING_GEAR;99148;63;99147;22;99146;48;99154;16;99186;7;99187;17;99151.0;0.0
2;10000;PEARLS;9998;37;9996;110;9995;2555;10000;1;10002;48;10004;110;9999.0;0.0
2;10000;COCONUTS;7919;72;7918;256;7917;340;7924;1394;7925;2393;7926;1710;7921.5;0.0
2;10000;BANANAS;4821;125;4820;76;4819;220;4823;350;4824;218;4825;81;4822.0;0.0
2;10100;BANANAS;4821;102;4820;76;4819;220;4823;350;4824;218;4825;81;4822.0;0.0
2;10100;DIVING_GEAR;99148;45;99147;22;99146;48;99154;16;99186;7;99187;17;99151.0;0.0
2;10100;PEARLS;9998;37;9996;111;9995;2577;10000;1;10002;48;10004;111;9999.0;0.0
2;10100;COCONUTS;7918;150;7917;340;7916;367;7924;1394;7925;2393;7926;1710;7921.0;0.0
2;10100;PINA_COLADAS;14827;309;14826;595;14825;716;14829;109;14831;66;14832;70;14828.0;0.0
2;10100;BERRIES;3848;113;3847;683;3846;2286;3849;11;3851;111;3852;882;3848.5;0.0
2;10100;DOLPHIN_SIGHTINGS;;;;;;;;;;;;;3077.0;0.0
2;10200;DIVING_GEAR;99148;25;99147;22;99146;48;99154;16;99186;7;99187;17;99151.0;0.0
2;10200;PEARLS;9998;37;9996;113;9995;2606;10002;48;10004;113;10005;2606;10000.0;0.0
2;10200;COCONUTS;7918;83;7917;340;7916;537;7919;103;7924;1394;7925;2393;7918.5;0.0
2;10200;BANANAS;4821;71;4820;76;4819;220;4823;350;4824;218;4825;81;4822.0;0.0
2;10200;DOLPHIN_SIGHTINGS;;;;;;;;;;;;;3077.0;0.0
2;10200;PINA_COLADAS;14827;309;14826;595;14825;716;14829;18;14831;66;14832;70;14828.0;0.0
2;10200;BERRIES;3848;113;3847;683;3846;2286;3849;11;3851;111;3852;896;3848.5;0.0
2;10300;DOLPHIN_SIGHTINGS;;;;;;;;;;;;;3077.0;0.0
2;10300;BANANAS;4821;44;4820;76;4819;220;4823;350;4824;218;4825;81;4822.0;0.0
2;10300;DIVING_GEAR;99148;1;99147;22;99146;48;99154;16;99186;7;99187;17;99151.0;0.0
2;10300;PEARLS;9998;37;9996;115;9995;2631;10002;48;10004;115;10005;2631;10000.0;0.0
2;10300;COCONUTS;7918;83;7917;389;7916;726;7919;292;7924;1394;7925;2393;7918.5;0.0
2;10300;BERRIES;3848;113;3847;683;3846;2286;3849;11;3851;125;3852;952;3848.5;0.0
2;10300;PINA_COLADAS;14829;75;14827;309;14826;595;14831;66;14832;163;14833;123;14830.0;0.0
2;10400;DOLPHIN_SIGHTINGS;;;;;;;;;;;;;3077.0;0.0
2;10400;PINA_COLADAS;14830;101;14829;75;14827;309;14831;66;14832;163;14833;224;14830.5;0.0
2;10400;DIVING_GEAR;99147;2;99146;48;99145;49;99154;16;99186;7;99187;17;99150.5;0.0
2;10400;PEARLS;9998;37;9996;117;9995;2656;10002;47;10004;117;10005;2656;10000.0;0.0
2;10400;COCONUTS;7918;83;7917;389;7916;932;7919;498;7924;1394;7925;2393;7918.5;0.0
2;10400;BERRIES;3848;113;3847;684;3846;2286;3849;11;3851;137;3852;993;3848.5;0.0
2;10400;BANANAS;4821;17;4820;76;4819;220;4823;350;4824;218;4825;81;4822.0;0.0
2;10500;BANANAS;4820;56;4819;220;4818;90;4823;350;4824;218;4825;81;4821.5;0.0
2;10500;DIVING_GEAR;99146;23;99145;49;99144;46;99154;16;99186;7;99187;17;99150.0;0.0
2;10500;PEARLS;9998;37;9996;119;9995;2683;10002;55;10004;119;10005;2683;10000.0;0.0
2;10500;COCONUTS;7918;260;7917;389;7916;932;7919;498;7921;177;7924;1394;7918.5;0.0
2;10500;BERRIES;3848;113;3847;684;3846;2286;3849;11;3851;157;3852;1038;3848.5;0.0
2;10500;PINA_COLADAS;14830;101;14829;75;14827;309;14832;153;14833;224;14834;58;14831.0;0.0
2;10500;DOLPHIN_SIGHTINGS;;;;;;;;;;;;;3076.0;0.0
2;10600;DIVING_GEAR;99145;43;99144;46;99143;25;99154;16;99186;7;99187;17;99149.5;0.0
2;10600;PEARLS;9998;37;9996;120;9995;2706;10002;55;10004;120;10005;2706;10000.0;0.0
2;10600;COCONUTS;7918;469;7917;389;7916;932;7919;498;7921;386;7924;1394;7918.5;0.0
2;10600;BERRIES;3848;113;3847;684;3846;2286;3849;11;3851;176;3852;1091;3848.5;0.0
2;10600;BANANAS;4820;32;4819;220;4818;90;4823;350;4824;218;4825;81;4821.5;0.0
2;10600;DOLPHIN_SIGHTINGS;;;;;;;;;;;;;3076.0;0.0
2;10600;PINA_COLADAS;14830;101;14829;75;14827;309;14832;63;14833;224;14834;58;14831.0;0.0
2;10700;DOLPHIN_SIGHTINGS;;;;;;;;;;;;;3077.0;0.0
2;10700;BANANAS;4820;10;4819;220;4818;90;4823;350;4824;218;4825;81;4821.5;0.0
2;10700;DIVING_GEAR;99145;19;99144;46;99143;25;99154;16;99186;7;99187;17;99149.5;0.0
2;10700;PEARLS;9998;36;9996;121;9995;2727;10002;55;10004;121;10005;2727;10000.0;0.0
2;10700;COCONUTS;7918;699;7917;389;7916;932;7919;498;7921;616;7924;1394;7918.5;0.0
2;10700;BERRIES;3848;113;3847;684;3846;2286;3849;11;3851;176;3852;1159;3848.5;0.0
2;10700;PINA_COLADAS;14830;101;14829;75;14827;309;14833;204;14834;58;14837;22;14831.5;0.0
2;10800;DOLPHIN_SIGHTINGS;;;;;;;;;;;;;3076.0;0.0
2;10800;PINA_COLADAS;14830;101;14829;75;14827;309;14833;70;14834;58;14837;22;14831.5;0.0
2;10800;DIVING_GEAR;99144;38;99143;25;99142;7;99154;16;99186;7;99187;17;99149.0;0.0
2;10800;PEARLS;9998;36;9996;121;9995;2750;10002;55;10004;121;10005;2750;10000.0;0.0
2;10800;COCONUTS;7918;699;7917;552;7916;932;7919;498;7920;163;7921;616;7918.5;0.0
2;10800;BERRIES;3848;113;3847;684;3846;2286;3849;11;3851;194;3852;1203;3848.5;0.0
2;10800;BANANAS;4819;207;4818;90;4817;289;4823;350;4824;218;4825;81;4821.0;0.0
2;10900;BANANAS;4819;180;4818;90;4817;289;4823;350;4824;218;4825;81;4821.0;0.0
2;10900;DIVING_GEAR;99144;17;99143;25;99142;7;99154;16;99186;7;99187;17;99149.0;0.0
2;10900;PEARLS;9998;36;9996;123;9995;2775;10002;55;10004;123;10005;2775;10000.0;0.0
2;10900;COCONUTS;7918;699;7917;707;7916;932;7919;498;7920;318;7921;616;7918.5;0.0
2;10900;BERRIES;3848;113;3847;684;3846;2286;3849;11;3851;210;3852;1249;3848.5;0.0
2;10900;PINA_COLADAS;14830;101;14829;75;14827;309;14834;31;14837;22;14838;435;14832.0;0.0
2;10900;DOLPHIN_SIGHTINGS;;;;;;;;;;;;;3076.0;0.0
2;11000;DIVING_GEAR;99143;19;99142;7;99141;36;99154;16;99186;7;99187;17;99148.5;0.0
2;11000;PEARLS;9998;36;9996;124;9995;2796;10002;63;10004;124;10005;2796;10000.0;0.0
2;11000;COCONUTS;7918;699;7917;707;7916;932;7919;332;7920;318;7921;616;7918.5;0.0
2;11000;BERRIES;3848;113;3847;684;3846;2286;3849;11;3851;210;3852;1307;3848.5;0.0
2;11000;BANANAS;4819;150;4818;90;4817;289;4823;350;4824;218;4825;81;4821.0;0.0
2;11000;DOLPHIN_SIGHTINGS;;;;;;;;;;;;;3077.0;0.0
2;11000;PINA_COLADAS;14837;2;14830;101;14829;75;14838;405;14840;30;14841;55;14837.5;0.0
2;11100;DOLPHIN_SIGHTINGS;;;;;;;;;;;;;3076.0;0.0
2;11100;PEARLS;9998;36;9996;126;9995;2822;10002;63;10004;126;10005;2822;10000.0;0.0
2;11100;BANANAS;4819;122;4818;90;4817;289;4823;350;4824;218;4825;81;4821.0;0.0
2;11100;DIVING_GEAR;99142;2;99141;36;99140;81;99154;16;99186;7;99187;17;99148.0;0.0
2;11100;COCONUTS;7918;699;7917;707;7916;932;7919;177;7920;318;7921;616;7918.5;0.0
2;11100;BERRIES;3848;113;3847;684;3846;2286;3849;11;3851;225;3852;1355;3848.5;0.0
2;11100;PINA_COLADAS;14837;91;14830;101;14829;75;14838;405;14840;119;14841;55;14837.5;0.0
2;11200;DOLPHIN_SIGHTINGS;;;;;;;;;;;;;3077.0;0.0
2;11200;PINA_COLADAS;14837;91;14830;101;14829;75;14838;308;14840;119;14841;82;14837.5;0.0
2;11200;COCONUTS;7918;699;7917;707;7916;932;7919;9;7920;318;7921;616;7918.5;0.0
2;11200;DIVING_GEAR;99141;23;99140;81;99138;7;99154;16;99186;7;99187;17;99147.5;0.0
2;11200;BERRIES;3848;113;3847;684;3846;2286;3849;11;3850;10;3851;274;3848.5;0.0
2;11200;PEARLS;9998;36;9996;127;9995;2849;10002;63;10004;127;10005;2849;10000.0;0.0
2;11200;BANANAS;4819;94;4818;90;4817;289;4823;350;4824;218;4825;81;4821.0;0.0
2;11300;PEARLS;9998;37;9996;127;9995;2875;10002;63;10004;127;10005;2875;10000.0;0.0
2;11300;BANANAS;4819;63;4818;90;4817;289;4823;350;4824;218;4825;81;4821.0;0.0
2;11300;COCONUTS;7919;154;7918;699;7917;707;7920;318;7921;616;7922;652;7919.5;0.0
2;11300;DIVING_GEAR;99141;4;99140;81;99138;7;99154;16;99186;7;99187;17;99147.5;0.0
2;11300;BERRIES;3848;113;3847;684;3846;2286;3849;11;3850;21;3851;330;3848.5;0.0
2;11300;PINA_COLADAS;14837;91;14830;101;14829;75;14838;174;14840;119;14841;82;14837.5;0.0
2;11300;DOLPHIN_SIGHTINGS;;;;;;;;;;;;;3077.0;0.0
2;11400;COCONUTS;7919;154;7918;778;7917;856;7920;546;7921;616;7922;652;7919.5;0.0
2;11400;BERRIES;3848;113;3847;684;3846;2286;3849;11;3850;40;3851;377;3848.5;0.0
2;11400;DIVING_GEAR;99140;58;99138;7;99137;11;99154;16;99186;7;99187;17;99147.0;0.0
2;11400;PEARLS;9998;37;9996;127;9995;2903;10000;3;10002;63;10004;127;9999.0;0.0
2;11400;BANANAS;4819;35;4818;90;4817;289;4823;350;4824;218;4825;81;4821.0;0.0
2;11400;DOLPHIN_SIGHTINGS;;;;;;;;;;;;;3077.0;0.0
2;11400;PINA_COLADAS;14837;91;14835;71;14830;101;14838;245;14840;119;14841;82;14837.5;0.0
2;11500;DOLPHIN_SIGHTINGS;;;;;;;;;;;;;3078.0;0.0
2;11500;PEARLS;9998;37;9996;127;9995;2930;10000;3;10002;63;10004;127;9999.0;0.0
2;11500;BANANAS;4819;8;4818;90;4817;289;4823;350;4824;218;4825;81;4821.0;0.0
2;11500;COCONUTS;7919;154;7918;961;7917;856;7920;617;7921;728;7922;652;7919.5;0.0
2;11500;BERRIES;3848;113;3847;684;3846;2286;3849;11;3850;57;3851;424;3848.5;0.0
2;11500;DIVING_GEAR;99140;34;99138;7;99137;11;99154;16;99186;7;99187;17;99147.0;0.0
2;11500;PINA_COLADAS;14837;4;14835;71;14833;87;14838;245;14840;119;14841;82;14837.5;0.0
2;11600;DOLPHIN_SIGHTINGS;;;;;;;;;;;;;3078.0;0.0
2;11600;PINA_COLADAS;14837;4;14836;87;14835;71;14838;245;14839;87;14840;119;14837.5;0.0
2;11600;COCONUTS;7919;329;7918;961;7917;856;7920;617;7921;768;7922;787;7919.5;0.0
2;11600;BERRIES;3848;113;3847;685;3846;2286;3849;11;3850;57;3851;438;3848.5;0.0
2;11600;DIVING_GEAR;99140;14;99138;7;99137;11;99154;16;99186;7;99187;17;99147.0;0.0
2;11600;PEARLS;9998;36;9996;127;9995;2957;10000;3;10002;63;10004;127;9999.0;0.0
2;11600;BANANAS;4818;71;4817;289;4816;299;4823;350;4824;218;4825;81;4820.5;0.0
2;11700;PEARLS;9998;36;9996;129;9995;2978;10000;3;10002;63;10004;129;9999.0;0.0
2;11700;BANANAS;4818;45;4817;289;4816;299;4823;350;4824;218;4825;81;4820.5;0.0
2;11700;COCONUTS;7919;457;7918;961;7917;856;7920;553;7921;768;7922;979;7919.5;0.0
2;11700;BERRIES;3848;113;3847;685;3846;2286;3849;11;3850;71;3851;495;3848.5;0.0
2;11700;DIVING_GEAR;99138;1;99137;11;99135;26;99154;16;99186;7;99187;17;99146.0;0.0
2;11700;PINA_COLADAS;14837;4;14836;87;14835;71;14838;172;14839;87;14840;145;14837.5;0.0
2;11700;DOLPHIN_SIGHTINGS;;;;;;;;;;;;;3078.0;0.0
2;11800;COCONUTS;7919;670;7918;961;7917;856;7920;553;7921;768;7922;1192;7919.5;0.0
2;11800;BERRIES;3848;113;3847;685;3846;2286;3849;11;3850;139;3851;495;3848.5;0.0
2;11800;DIVING_GEAR;99135;22;99129;6;99128;13;99154;16;99186;7;99187;17;99144.5;0.0
2;11800;BANANAS;4818;23;4817;289;4816;299;4823;350;4824;218;4825;81;4820.5;0.0
2;11800;PEARLS;9998;41;9996;129;9995;3000;10000;3;10002;63;10004;129;9999.0;0.0
2;11800;DOLPHIN_SIGHTINGS;;;;;;;;;;;;;3078.0;0.0
2;11800;PINA_COLADAS;14837;4;14836;87;14835;71;14838;84;14839;87;14840;145;14837.5;0.0
2;11900;DOLPHIN_SIGHTINGS;;;;;;;;;;;;;3078.0;0.0
2;11900;BANANAS;4817;287;4816;299;4815;80;4818;5;4823;350;4824;218;4817.5;0.0
2;11900;PEARLS;9998;41;9996;131;9995;3028;10000;3;10002;63;10004;131;9999.0;0.0
2;11900;COCONUTS;7919;670;7918;961;7917;856;7920;383;7921;768;7922;1192;7919.5;0.0
2;11900;BERRIES;3848;113;3847;685;3846;2286;3849;31;3850;183;3851;495;3848.5;0.0
2;11900;DIVING_GEAR;99128;13;99121;18;99120;35;99154;16;99186;7;99187;17;99141.0;0.0
2;11900;PINA_COLADAS;14837;4;14836;87;14835;71;14839;56;14840;145;14841;104;14838.0;0.0
2;12000;DOLPHIN_SIGHTINGS;;;;;;;;;;;;;3077.0;0.0
2;12000;PINA_COLADAS;14837;4;14836;87;14835;71;14840;68;14841;104;14842;242;14838.5;0.0
2;12000;COCONUTS;7919;670;7918;961;7917;856;7920;170;7921;768;7922;1192;7919.5;0.0
2;12000;BERRIES;3848;113;3847;685;3846;2286;3849;31;3850;194;3851;540;3848.5;0.0
2;12000;BANANAS;4817;259;4816;299;4815;80;4818;5;4823;350;4824;218;4817.5;0.0
2;12000;DIVING_GEAR;99121;12;99120;35;99119;20;99154;16;99186;7;99187;17;99137.5;0.0
2;12000;PEARLS;9998;49;9996;131;9995;3053;10000;3;10002;63;10004;131;9999.0;0.0
2;12100;BANANAS;4817;232;4816;299;4815;80;4818;5;4823;350;4824;218;4817.5;0.0
2;12100;DIVING_GEAR;99120;28;99119;20;99118;59;99154;16;99186;7;99187;17;99137.0;0.0
2;12100;PEARLS;9998;48;9996;131;9995;3080;10000;3;10002;63;10004;131;9999.0;0.0
2;12100;COCONUTS;7919;670;7918;961;7917;856;7921;751;7922;1192;7923;170;7920.0;0.0
2;12100;BERRIES;3848;113;3847;685;3846;2286;3849;31;3850;208;3851;590;3848.5;0.0
2;12100;PINA_COLADAS;14837;4;14836;87;14835;71;14841;70;14842;242;14843;364;14839.0;0.0
2;12100;DOLPHIN_SIGHTINGS;;;;;;;;;;;;;3077.0;0.0
2;12200;COCONUTS;7919;670;7918;961;7917;856;7921;540;7922;1192;7923;170;7920.0;0.0
2;12200;BERRIES;3848;113;3847;685;3846;2286;3849;31;3850;226;3851;637;3848.5;0.0
2;12200;BANANAS;4817;210;4816;299;4815;80;4818;5;4823;350;4824;218;4817.5;0.0
2;12200;DIVING_GEAR;99122;8;99121;18;99120;28;99124;8;99125;18;99154;16;99123.0;0.0
2;12200;PEARLS;9998;48;9996;132;9995;3101;10000;3;10002;63;10004;132;9999.0;0.0
2;12200;PINA_COLADAS;14837;4;14836;87;14835;71;14842;212;14843;364;14844;375;14839.5;0.0
2;12200;DOLPHIN_SIGHTINGS;;;;;;;;;;;;;3078.0;0.0
2;12300;DOLPHIN_SIGHTINGS;;;;;;;;;;;;;3078.0;0.0
2;12300;BANANAS;4817;185;4816;299;4815;81;4818;5;4823;350;4824;218;4817.5;0.0
2;12300;DIVING_GEAR;99121;6;99120;28;99119;20;99124;8;99125;18;99154;16;99122.5;0.0
2;12300;PEARLS;9998;48;9996;134;9995;3124;10000;3;10002;63;10004;134;9999.0;0.0
2;12300;COCONUTS;7919;670;7918;961;7917;856;7921;341;7922;1192;7923;170;7920.0;0.0
2;12300;BERRIES;3848;113;3847;685;3846;2286;3849;31;3850;238;3851;680;3848.5;0.0
2;12300;PINA_COLADAS;14837;4;14836;87;14835;71;14842;132;14843;364;14844;375;14839.5;0.0
2;12400;PINA_COLADAS;14837;4;14836;87;14835;71;14842;29;14843;364;14844;375;14839.5;0.0
2;12400;DOLPHIN_SIGHTINGS;;;;;;;;;;;;;3078.0;0.0
2;12400;BERRIES;3848;113;3847;685;3846;2287;3849;31;3850;295;3851;680;3848.5;0.0
2;12400;BANANAS;4817;156;4816;299;4815;82;4818;5;4823;350;4824;218;4817.5;0.0
2;12400;DIVING_GEAR;99120;17;99119;20;99118;59;99124;8;99125;18;99154;16;99122.0;0.0
2;12400;PEARLS;9998;48;9996;135;9995;3152;10000;3;10002;63;10004;135;9999.0;0.0
2;12400;COCONUTS;7919;670;7918;961;7917;856;7921;148;7922;1192;7923;170;7920.0;0.0
2;12500;BANANAS;4817;130;4816;299;4815;82;4818;5;4823;350;4824;218;4817.5;0.0
2;12500;DIVING_GEAR;99123;8;99122;12;99120;17;99124;8;99125;26;99126;12;99123.5;0.0
2;12500;PEARLS;9998;50;9996;135;9995;3178;10000;3;10002;63;10004;135;9999.0;0.0
2;12500;COCONUTS;7919;670;7918;961;7917;856;7922;1164;7923;170;7924;1607;7920.5;0.0
2;12500;PINA_COLADAS;14837;4;14836;87;14835;71;14843;298;14844;375;14845;225;14840.0;0.0
2;12500;BERRIES;3848;113;3847;685;3846;2287;3849;31;3850;307;3851;732;3848.5;0.0
2;12500;DOLPHIN_SIGHTINGS;;;;;;;;;;;;;3077.0;0.0
2;12600;BERRIES;3848;113;3847;685;3846;2287;3849;47;3850;363;3851;732;3848.5;0.0
2;12600;BANANAS;4817;105;4816;299;4815;82;4818;5;4823;350;4824;218;4817.5;0.0
2;12600;DIVING_GEAR;99123;8;99122;37;99120;17;99124;8;99125;51;99126;12;99123.5;0.0
2;12600;PEARLS;9998;50;9996;136;9995;3202;10000;2;10002;63;10004;136;9999.0;0.0
2;12600;COCONUTS;7919;670;7918;961;7917;856;7922;951;7923;170;7924;1607;7920.5;0.0
2;12600;PINA_COLADAS;14837;4;14836;87;14835;71;14843;157;14844;375;14845;225;14840.0;0.0
2;12600;DOLPHIN_SIGHTINGS;;;;;;;;;;;;;3077.0;0.0
2;12700;DOLPHIN_SIGHTINGS;;;;;;;;;;;;;3077.0;0.0
2;12700;BANANAS;4817;99;4816;299;4815;82;4818;25;4823;350;4824;218;4817.5;0.0
2;12700;DIVING_GEAR;99123;8;99122;44;99121;10;99124;15;99125;61;99126;12;99123.5;0.0
2;12700;PEARLS;9998;50;9996;136;9995;3222;10000;2;10002;68;10004;136;9999.0;0.0
2;12700;COCONUTS;7919;670;7918;961;7917;856;7922;748;7923;170;7924;1607;7920.5;0.0
2;12700;PINA_COLADAS;14837;4;14836;87;14835;71;14843;50;14844;375;14845;225;14840.0;0.0
2;12700;BERRIES;3848;113;3847;685;3846;2287;3849;57;3850;406;3851;732;3848.5;0.0
2;12800;PINA_COLADAS;14837;4;14836;87;14835;71;14844;313;14845;225;14846;229;14840.5;0.0
2;12800;DOLPHIN_SIGHTINGS;;;;;;;;;;;;;3077.0;0.0
2;12800;BERRIES;3848;102;3847;685;3846;2287;3849;73;3850;449;3851;732;3848.5;0.0
2;12800;BANANAS;4817;75;4816;299;4815;82;4818;25;4823;350;4824;218;4817.5;0.0
2;12800;DIVING_GEAR;99123;8;99122;44;99121;10;99125;52;99126;12;99133;24;99124.0;0.0
2;12800;PEARLS;9998;50;9996;138;9995;3244;10000;2;10002;68;10004;138;9999.0;0.0
2;12800;COCONUTS;7919;670;7918;961;7917;856;7922;539;7923;170;7924;1607;7920.5;0.0
2;12900;BANANAS;4817;63;4816;299;4815;82;4818;52;4823;350;4824;218;4817.5;0.0
2;12900;DIVING_GEAR;99123;8;99122;44;99121;10;99125;25;99126;12;99133;24;99124.0;0.0
2;12900;PEARLS;9998;50;9996;140;9995;3271;10000;2;10002;78;10004;140;9999.0;0.0
2;12900;COCONUTS;7919;670;7918;961;7917;856;7922;337;7923;170;7924;1607;7920.5;0.0
2;12900;PINA_COLADAS;14837;4;14836;87;14835;71;14844;223;14845;225;14846;229;14840.5;0.0
2;12900;BERRIES;3848;102;3847;685;3846;2287;3849;91;3850;501;3851;732;3848.5;0.0
2;12900;DOLPHIN_SIGHTINGS;;;;;;;;;;;;;3077.0;0.0
2;13000;BERRIES;3848;102;3847;685;3846;2287;3849;101;3850;546;3851;732;3848.5;0.0
2;13000;BANANAS;4817;36;4816;299;4815;83;4818;52;4823;350;4824;218;4817.5;0.0
2;13000;DIVING_GEAR;99123;8;99122;44;99121;10;99125;6;99126;12;99133;24;99124.0;0.0
2;13000;PEARLS;9998;50;9996;141;9995;3297;10002;77;10004;141;10005;3297;10000.0;0.0
2;13000;COCONUTS;7919;670;7918;961;7917;856;7922;153;7923;170;7924;1607;7920.5;0.0
2;13000;PINA_COLADAS;14837;4;14836;87;14835;71;14844;153;14845;225;14846;229;14840.5;0.0
2;13000;DOLPHIN_SIGHTINGS;;;;;;;;;;;;;3077.0;0.0
2;13100;DOLPHIN_SIGHTINGS;;;;;;;;;;;;;3077.0;0.0
2;13100;BANANAS;4817;10;4816;299;4815;83;4818;52;4823;350;4824;218;4817.5;0.0
2;13100;DIVING_GEAR;99123;8;99122;44;99121;10;99133;16;99140;24;99141;19;99128.0;0.0
2;13100;PEARLS;9998;55;9996;142;9995;3322;10002;77;10004;142;10005;3322;10000.0;0.0
2;13100;COCONUTS;7919;670;7918;961;7917;856;7923;149;7924;1607;7925;2679;7921.0;0.0
2;13100;PINA_COLADAS;14837;4;14836;87;14835;71;14844;44;14845;225;14846;229;14840.5;0.0
2;13100;BERRIES;3848;102;3847;685;3846;2287;3849;118;3850;602;3851;732;3848.5;0.0
2;13200;PINA_COLADAS;14837;4;14836;87;14835;71;14845;185;14846;229;14847;106;14841.0;0.0
2;13200;DOLPHIN_SIGHTINGS;;;;;;;;;;;;;3077.0;0.0
2;13200;BERRIES;3848;102;3847;685;3846;2287;3849;133;3850;656;3851;732;3848.5;0.0
2;13200;BANANAS;4816;298;4815;83;4814;306;4817;30;4818;52;4823;350;4816.5;0.0
2;13200;DIVING_GEAR;99123;8;99122;44;99121;10;99140;20;99141;19;99143;20;99131.5;0.0
2;13200;PEARLS;9998;55;9996;143;9995;3352;10002;87;10004;143;10005;3352;10000.0;0.0
2;13200;COCONUTS;7919;670;7918;961;7917;856;7924;1575;7925;2679;7926;2021;7921.5;0.0
2;13300;PEARLS;9998;55;9996;144;9995;3379;10002;86;10004;144;10005;3379;10000.0;0.0
2;13300;BANANAS;4816;296;4815;83;4814;306;4817;57;4818;52;4823;350;4816.5;0.0
2;13300;DIVING_GEAR;99139;23;99123;8;99122;44;99140;20;99141;19;99142;23;99139.5;0.0
2;13300;COCONUTS;7919;670;7918;961;7917;856;7924;1405;7925;2679;7926;2021;7921.5;0.0
2;13300;BERRIES;3848;84;3847;685;3846;2287;3849;179;3850;656;3851;732;3848.5;0.0
2;13300;DOLPHIN_SIGHTINGS;;;;;;;;;;;;;3077.0;0.0
2;13300;PINA_COLADAS;14837;4;14836;87;14835;71;14845;72;14846;229;14847;106;14841.0;0.0
2;13400;BERRIES;3848;74;3847;685;3846;2287;3849;219;3850;656;3851;732;3848.5;0.0
2;13400;PEARLS;10000;2;9998;55;9996;144;10002;86;10004;144;10005;3401;10001.0;0.0
2;13400;BANANAS;4816;273;4815;83;4814;306;4817;57;4818;52;4823;350;4816.5;0.0
2;13400;COCONUTS;7919;670;7918;961;7917;856;7924;1228;7925;2679;7926;2021;7921.5;0.0
2;13400;DIVING_GEAR;99139;5;99136;8;99135;10;99140;20;99141;19;99142;23;99139.5;0.0
2;13400;PINA_COLADAS;14837;4;14836;87;14835;71;14846;219;14847;106;14848;167;14841.5;0.0
2;13400;DOLPHIN_SIGHTINGS;;;;;;;;;;;;;3077.0;0.0
2;13500;DOLPHIN_SIGHTINGS;;;;;;;;;;;;;3077.0;0.0
2;13500;PINA_COLADAS;14837;4;14836;87;14835;71;14846;140;14847;106;14848;167;14841.5;0.0
2;13500;PEARLS;10000;2;9998;55;9996;146;10002;86;10004;146;10005;3427;10001.0;0.0
2;13500;BANANAS;4816;245;4815;83;4814;306;4817;57;4818;52;4823;350;4816.5;0.0
2;13500;COCONUTS;7919;670;7918;961;7917;856;7924;1044;7925;2679;7926;2021;7921.5;0.0
2;13500;DIVING_GEAR;99139;5;99136;8;99135;10;99140;3;99141;19;99142;23;99139.5;0.0
2;13500;BERRIES;3848;74;3847;685;3846;2287;3849;230;3850;696;3851;732;3848.5;0.0
2;13600;DOLPHIN_SIGHTINGS;;;;;;;;;;;;;3078.0;0.0
2;13600;BERRIES;3848;74;3847;685;3846;2287;3849;244;3850;756;3851;732;3848.5;0.0
2;13600;PEARLS;10000;2;9998;55;9996;146;10002;85;10004;146;10005;3449;10001.0;0.0
2;13600;BANANAS;4816;223;4815;83;4814;306;4817;57;4818;52;4823;350;4816.5;0.0
2;13600;COCONUTS;7919;670;7918;961;7917;856;7924;852;7925;2679;7926;2021;7921.5;0.0
2;13600;DIVING_GEAR;99139;5;99136;8;99135;10;99142;21;99143;20;99147;17;99140.5;0.0
2;13600;PINA_COLADAS;14837;4;14836;87;14835;71;14846;59;14847;106;14848;167;14841.5;0.0
2;13700;PEARLS;10000;2;9998;55;9996;148;10002;85;10004;148;10005;3478;10001.0;0.0
2;13700;BANANAS;4816;192;4815;84;4814;306;4817;57;4818;52;4823;350;4816.5;0.0
2;13700;COCONUTS;7919;670;7918;961;7917;856;7924;669;7925;2679;7926;2048;7921.5;0.0
2;13700;DIVING_GEAR;99139;5;99136;8;99135;10;99143;14;99147;17;99152;26;99141.0;0.0
2;13700;BERRIES;3848;55;3847;685;3846;2287;3849;295;3850;756;3851;732;3848.5;0.0
2;13700;DOLPHIN_SIGHTINGS;;;;;;;;;;;;;3078.0;0.0
2;13700;PINA_COLADAS;14837;4;14836;87;14835;71;14847;83;14848;167;14850;144;14842.0;0.0
2;13800;BERRIES;3848;41;3847;685;3846;2287;3849;352;3850;756;3851;732;3848.5;0.0
2;13800;PEARLS;10000;2;9998;59;9996;148;10002;85;10004;148;10005;3504;10001.0;0.0
2;13800;BANANAS;4816;192;4815;84;4814;306;4817;83;4818;52;4823;350;4816.5;0.0
2;13800;COCONUTS;7919;670;7918;961;7917;856;7924;522;7925;2679;7926;2048;7921.5;0.0
2;13800;DIVING_GEAR;99139;5;99136;8;99135;10;99147;9;99152;26;99153;35;99143.0;0.0
2;13800;PINA_COLADAS;14837;4;14836;87;14835;71;14848;155;14850;144;14851;251;14842.5;0.0
2;13800;DOLPHIN_SIGHTINGS;;;;;;;;;;;;;3078.0;0.0
2;13900;DOLPHIN_SIGHTINGS;;;;;;;;;;;;;3078.0;0.0
2;13900;PINA_COLADAS;14837;4;14836;87;14835;71;14848;62;14850;144;14851;251;14842.5;0.0
2;13900;PEARLS;10000;6;9998;59;9996;150;10002;88;10004;150;10005;3524;10001.0;0.0
2;13900;BANANAS;4816;187;4815;84;4814;306;4817;103;4818;52;4823;350;4816.5;0.0
2;13900;COCONUTS;7919;670;7918;961;7917;856;7924;313;7925;2679;7926;2048;7921.5;0.0
2;13900;DIVING_GEAR;99139;5;99136;8;99135;10;99152;8;99153;35;99154;30;99145.5;0.0
2;13900;BERRIES;3848;21;3847;685;3846;2287;3849;412;3850;756;3851;732;3848.5;0.0
2;14000;BANANAS;4816;187;4815;84;4814;306;4817;126;4818;52;4823;350;4816.5;0.0
2;14000;DOLPHIN_SIGHTINGS;;;;;;;;;;;;;3077.0;0.0
2;14000;BERRIES;3848;1;3847;685;3846;2287;3849;461;3850;756;3851;732;3848.5;0.0
2;14000;PEARLS;10000;6;9998;59;9996;152;10002;87;10004;152;10005;3545;10001.0;0.0
2;14000;COCONUTS;7919;670;7918;961;7917;856;7924;166;7925;2679;7926;2048;7921.5;0.0
2;14000;DIVING_GEAR;99139;5;99136;8;99135;10;99153;14;99154;30;99156;24;99146.0;0.0
2;14000;PINA_COLADAS;14837;4;14836;87;14835;71;14850;117;14851;251;14852;64;14843.5;0.0
2;14100;PEARLS;10000;6;9998;66;9996;153;10002;87;10004;153;10005;3569;10001.0;0.0
2;14100;COCONUTS;7919;670;7918;961;7917;856;7925;2670;7926;2048;7927;1813;7922.0;0.0
2;14100;DIVING_GEAR;99139;5;99136;8;99135;10;99154;26;99156;24;99159;27;99146.5;0.0
2;14100;BERRIES;3847;685;3846;2287;3845;2418;3848;10;3849;501;3850;756;3847.5;0.0
2;14100;DOLPHIN_SIGHTINGS;;;;;;;;;;;;;3077.0;0.0
2;14100;PINA_COLADAS;14837;4;14836;87;14835;71;14850;24;14851;251;14852;64;14843.5;0.0
2;14100;BANANAS;4816;186;4815;84;4814;306;4817;150;4818;52;4823;350;4816.5;0.0
2;14200;BERRIES;3847;685;3846;2287;3845;2418;3848;21;3849;559;3850;756;3847.5;0.0
2;14200;DIVING_GEAR;99139;5;99136;8;99135;10;99154;7;99156;24;99159;27;99146.5;0.0
2;14200;PEARLS;10000;6;9998;66;9996;155;10002;87;10004;155;10005;3593;10001.0;0.0
2;14200;COCONUTS;7924;69;7923;118;7919;670;7925;2670;7926;2235;7927;1813;7924.5;0.0
2;14200;PINA_COLADAS;14850;65;14837;4;14836;87;14851;280;14852;64;14853;351;14850.5;0.0
2;14200;BANANAS;4816;184;4815;84;4814;306;4817;174;4818;52;4823;350;4816.5;0.0
2;14200;DOLPHIN_SIGHTINGS;;;;;;;;;;;;;3077.0;0.0
2;14300;DOLPHIN_SIGHTINGS;;;;;;;;;;;;;3076.0;0.0
2;14300;PINA_COLADAS;14850;65;14848;96;14837;4;14851;304;14852;136;14853;351;14850.5;0.0
2;14300;BANANAS;4816;184;4815;84;4814;306;4817;197;4818;52;4823;350;4816.5;0.0
2;14300;DIVING_GEAR;99139;5;99136;8;99135;10;99156;10;99159;27;99161;9;99147.5;0.0
2;14300;PEARLS;10000;12;9998;66;9996;156;10002;87;10004;156;10005;3615;10001.0;0.0
2;14300;COCONUTS;7924;134;7923;309;7919;670;7925;2670;7926;2426;7927;1813;7924.5;0.0
2;14300;BERRIES;3847;685;3846;2287;3845;2430;3848;21;3849;575;3850;809;3847.5;0.0
2;14400;BANANAS;4816;184;4815;84;4814;306;4817;224;4818;52;4823;350;4816.5;0.0
2;14400;DOLPHIN_SIGHTINGS;;;;;;;;;;;;;3076.0;0.0
2;14400;BERRIES;3847;685;3846;2287;3845;2430;3848;38;3849;628;3850;809;3847.5;0.0
2;14400;DIVING_GEAR;99139;5;99136;8;99135;10;99159;11;99161;9;99162;20;99149.0;0.0
2;14400;PEARLS;10000;12;9998;66;9996;158;10002;86;10004;158;10005;3640;10001.0;0.0
2;14400;COCONUTS;7924;134;7923;309;7919;670;7925;2410;7926;2426;7927;1863;7924.5;0.0
2;14400;PINA_COLADAS;14850;65;14848;96;14837;4;14851;228;14852;136;14853;351;14850.5;0.0
2;14500;DIVING_GEAR;99139;5;99136;8;99135;10;99162;12;99163;18;99168;8;99150.5;0.0
2;14500;PEARLS;10000;14;9998;68;9996;160;10002;86;10004;160;10005;3668;10001.0;0.0
2;14500;COCONUTS;7924;134;7923;309;7919;670;7925;2215;7926;2426;7927;1863;7924.5;0.0
2;14500;BERRIES;3847;685;3846;2287;3845;2430;3848;58;3849;670;3850;809;3847.5;0.0
2;14500;PINA_COLADAS;14850;65;14848;96;14837;4;14851;125;14852;136;14853;351;14850.5;0.0
2;14500;DOLPHIN_SIGHTINGS;;;;;;;;;;;;;3076.0;0.0
2;14500;BANANAS;4816;184;4815;84;4814;306;4817;226;4818;80;4823;350;4816.5;0.0
2;14600;BERRIES;3847;685;3846;2287;3845;2430;3848;75;3849;726;3850;809;3847.5;0.0
2;14600;DIVING_GEAR;99139;5;99136;8;99135;10;99163;4;99168;8;99169;11;99151.0;0.0
2;14600;PEARLS;10000;13;9998;68;9996;161;10002;86;10004;161;10005;3695;10001.0;0.0
2;14600;COCONUTS;7924;134;7923;309;7919;670;7925;2022;7926;2426;7927;1863;7924.5;0.0
2;14600;PINA_COLADAS;14850;65;14848;96;14837;4;14851;42;14852;136;14853;351;14850.5;0.0
2;14600;BANANAS;4816;184;4815;84;4814;306;4817;226;4818;108;4823;350;4816.5;0.0
2;14600;DOLPHIN_SIGHTINGS;;;;;;;;;;;;;3076.0;0.0
2;14700;DOLPHIN_SIGHTINGS;;;;;;;;;;;;;3076.0;0.0
2;14700;PINA_COLADAS;14850;65;14848;96;14837;4;14852;88;14853;351;14854;153;14851.0;0.0
2;14700;BANANAS;4816;184;4815;84;4814;306;4817;251;4818;108;4823;350;4816.5;0.0
2;14700;DIVING_GEAR;99139;5;99136;8;99135;10;99169;6;99172;14;99173;37;99154.0;0.0
2;14700;PEARLS;10000;12;9998;72;9996;161;10002;86;10004;161;10005;3720;10001.0;0.0
2;14700;COCONUTS;7924;134;7923;309;7919;670;7925;1829;7926;2426;7927;1863;7924.5;0.0
2;14700;BERRIES;3847;685;3846;2287;3845;2430;3848;87;3849;781;3850;809;3847.5;0.0
2;14800;BANANAS;4816;160;4815;84;4814;306;4817;251;4818;108;4823;350;4816.5;0.0
2;14800;DOLPHIN_SIGHTINGS;;;;;;;;;;;;;3077.0;0.0
2;14800;DIVING_GEAR;99167;23;99139;5;99136;8;99169;16;99170;13;99172;14;99168.0;0.0
2;14800;PEARLS;10000;12;9998;72;9996;162;10002;86;10004;162;10005;3743;10001.0;0.0
2;14800;COCONUTS;7924;134;7923;309;7919;670;7925;1652;7926;2426;7927;1863;7924.5;0.0
2;14800;BERRIES;3847;685;3846;2287;3845;2430;3848;100;3849;838;3850;809;3847.5;0.0
2;14800;PINA_COLADAS;14850;65;14848;96;14837;4;14853;347;14854;153;14855;322;14851.5;0.0
2;14900;DIVING_GEAR;99167;23;99139;5;99136;8;99170;4;99172;14;99173;44;99168.5;0.0
2;14900;PEARLS;10000;12;9998;72;9996;164;10002;86;10004;164;10005;3763;10001.0;0.0
2;14900;COCONUTS;7924;275;7923;309;7919;670;7925;1595;7926;2426;7927;2061;7924.5;0.0
2;14900;BERRIES;3847;685;3846;2287;3845;2430;3848;118;3849;886;3850;809;3847.5;0.0
2;14900;DOLPHIN_SIGHTINGS;;;;;;;;;;;;;3077.0;0.0
2;14900;PINA_COLADAS;14850;65;14848;96;14837;4;14853;257;14854;153;14855;322;14851.5;0.0
2;14900;BANANAS;4816;158;4815;84;4814;306;4817;271;4818;108;4823;350;4816.5;0.0
2;15000;DIVING_GEAR;99167;23;99139;5;99136;8;99173;35;99174;38;99178;27;99170.0;0.0
2;15000;PEARLS;10000;12;9998;72;9996;165;10002;86;10004;165;10005;3792;10001.0;0.0
2;15000;COCONUTS;7924;476;7923;309;7919;670;7925;1595;7926;2426;7927;2262;7924.5;0.0
2;15000;BERRIES;3847;685;3846;2287;3845;2430;3848;138;3849;928;3850;809;3847.5;0.0
2;15000;PINA_COLADAS;14850;65;14848;96;14837;4;14853;163;14854;153;14855;322;14851.5;0.0
2;15000;BANANAS;4816;127;4815;84;4814;306;4817;271;4818;108;4823;350;4816.5;0.0
2;15000;DOLPHIN_SIGHTINGS;;;;;;;;;;;;;3076.0;0.0
2;15100;DOLPHIN_SIGHTINGS;;;;;;;;;;;;;3076.0;0.0
2;15100;PINA_COLADAS;14850;65;14848;96;14837;4;14853;75;14854;153;14855;322;14851.5;0.0
2;15100;BANANAS;4816;105;4815;84;4814;306;4817;271;4818;108;4823;350;4816.5;0.0
2;15100;DIVING_GEAR;99167;23;99139;5;99136;8;99173;18;99174;38;99178;27;99170.0;0.0
2;15100;PEARLS;10000;12;9998;72;9996;166;10002;86;10004;166;10005;3813;10001.0;0.0
2;15100;COCONUTS;7924;476;7923;309;7919;670;7925;1414;7926;2426;7927;2326;7924.5;0.0
2;15100;BERRIES;3847;685;3846;2287;3845;2430;3848;149;3849;972;3850;809;3847.5;0.0
2;15200;BANANAS;4816;81;4815;84;4814;306;4817;271;4818;108;4823;350;4816.5;0.0
2;15200;DOLPHIN_SIGHTINGS;;;;;;;;;;;;;3076.0;0.0
2;15200;DIVING_GEAR;99167;23;99139;5;99136;8;99174;35;99178;27;99180;30;99170.5;0.0
2;15200;PEARLS;10000;12;9998;72;9996;166;10002;86;10004;166;10005;3837;10001.0;0.0
2;15200;COCONUTS;7924;476;7923;309;7919;670;7925;1231;7926;2426;7927;2326;7924.5;0.0
2;15200;BERRIES;3847;685;3846;2287;3845;2430;3848;161;3849;1024;3850;809;3847.5;0.0
2;15200;PINA_COLADAS;14850;65;14848;96;14837;4;14854;139;14855;322;14856;297;14852.0;0.0
2;15300;DIVING_GEAR;99167;23;99139;5;99136;8;99174;15;99178;27;99180;30;99170.5;0.0
2;15300;PEARLS;10000;12;9998;72;9996;168;10002;86;10004;168;10005;3861;10001.0;0.0
2;15300;COCONUTS;7924;476;7923;309;7919;670;7925;1056;7926;2426;7927;2381;7924.5;0.0
2;15300;BERRIES;3847;670;3846;2287;3845;2430;3848;204;3849;1024;3850;809;3847.5;0.0
2;15300;DOLPHIN_SIGHTINGS;;;;;;;;;;;;;3076.0;0.0
2;15300;PINA_COLADAS;14850;65;14848;96;14837;4;14854;58;14855;322;14856;297;14852.0;0.0
2;15300;BANANAS;4816;55;4815;84;4814;306;4817;271;4818;108;4823;350;4816.5;0.0
2;15400;DIVING_GEAR;99167;23;99139;5;99136;8;99178;22;99180;36;99181;31;99172.5;0.0
2;15400;PEARLS;10000;9;9998;78;9996;168;10002;86;10004;168;10005;3890;10001.0;0.0
2;15400;COCONUTS;7924;476;7923;309;7919;670;7925;903;7926;2426;7927;2381;7924.5;0.0
2;15400;BERRIES;3847;611;3846;2287;3845;2430;3848;204;3849;1024;3850;809;3847.5;0.0
2;15400;PINA_COLADAS;14850;65;14848;96;14837;4;14855;276;14856;297;14857;449;14852.5;0.0
2;15400;BANANAS;4816;26;4815;84;4814;306;4817;271;4818;108;4823;350;4816.5;0.0
2;15400;DOLPHIN_SIGHTINGS;;;;;;;;;;;;;3076.0;0.0
2;15500;DOLPHIN_SIGHTINGS;;;;;;;;;;;;;3076.0;0.0
2;15500;PINA_COLADAS;14850;65;14848;96;14837;4;14855;185;14856;297;14857;449;14852.5;0.0
2;15500;PEARLS;10000;9;9998;78;9996;170;10002;86;10004;170;10005;3915;10001.0;0.0
2;15500;BANANAS;4815;84;4814;306;4813;379;4816;1;4817;271;4818;108;4815.5;0.0
2;15500;DIVING_GEAR;99176;7;99175;20;99167;23;99178;49;99180;36;99181;31;99177.0;0.0
2;15500;COCONUTS;7924;476;7923;309;7919;670;7925;690;7926;2426;7927;2381;7924.5;0.0
2;15500;BERRIES;3847;532;3846;2287;3845;2430;3848;204;3849;1024;3850;809;3847.5;0.0
2;15600;PEARLS;10000;8;9998;78;9996;171;10002;86;10004;171;10005;3939;10001.0;0.0
2;15600;BANANAS;4815;84;4814;306;4813;379;4816;26;4817;271;4818;108;4815.5;0.0
2;15600;DOLPHIN_SIGHTINGS;;;;;;;;;;;;;3076.0;0.0
2;15600;COCONUTS;7924;476;7923;309;7919;670;7925;485;7926;2426;7927;2381;7924.5;0.0
2;15600;DIVING_GEAR;99170;28;99167;23;99139;5;99173;1;99178;49;99180;36;99171.5;0.0
2;15600;BERRIES;3847;458;3846;2287;3845;2430;3848;204;3849;1024;3850;809;3847.5;0.0
2;15600;PINA_COLADAS;14850;65;14848;96;14837;4;14855;94;14856;297;14857;449;14852.5;0.0
2;15700;COCONUTS;7924;476;7923;309;7919;670;7925;305;7926;2426;7927;2381;7924.5;0.0
2;15700;DIVING_GEAR;99172;5;99171;16;99170;28;99173;1;99174;5;99175;16;99172.5;0.0
2;15700;BERRIES;3847;397;3846;2287;3845;2430;3848;204;3849;1024;3850;809;3847.5;0.0
2;15700;DOLPHIN_SIGHTINGS;;;;;;;;;;;;;3075.0;0.0
2;15700;PINA_COLADAS;14850;65;14848;96;14837;4;14855;6;14856;297;14857;449;14852.5;0.0
2;15700;PEARLS;10000;8;9998;78;9996;171;10002;86;10004;171;10005;3965;10001.0;0.0
2;15700;BANANAS;4815;84;4814;306;4813;379;4816;26;4817;297;4818;108;4815.5;0.0
2;15800;COCONUTS;7924;476;7923;309;7919;670;7925;116;7926;2426;7927;2381;7924.5;0.0
2;15800;BERRIES;3847;327;3846;2287;3845;2430;3848;204;3849;1024;3850;809;3847.5;0.0
2;15800;DIVING_GEAR;99172;5;99171;25;99170;47;99173;10;99174;24;99175;16;99172.5;0.0
2;15800;PINA_COLADAS;14850;65;14848;96;14837;4;14856;204;14857;449;14858;365;14853.0;0.0
2;15800;PEARLS;10000;8;9998;78;9996;171;10002;86;10004;171;10005;3990;10001.0;0.0
2;15800;BANANAS;4815;84;4814;306;4813;379;4816;26;4817;322;4818;108;4815.5;0.0
2;15800;DOLPHIN_SIGHTINGS;;;;;;;;;;;;;3075.0;0.0
2;15900;DOLPHIN_SIGHTINGS;;;;;;;;;;;;;3075.0;0.0
2;15900;PINA_COLADAS;14850;65;14848;96;14837;4;14856;114;14857;449;14858;365;14853.0;0.0
2;15900;PEARLS;10000;8;9998;78;9996;173;10002;86;10004;173;10005;4013;10001.0;0.0
2;15900;BANANAS;4815;84;4814;306;4813;379;4816;28;4817;345;4818;108;4815.5;0.0
2;15900;COCONUTS;7924;476;7923;309;7919;670;7926;2368;7927;2381;7928;2121;7925.0;0.0
2;15900;BERRIES;3847;267;3846;2287;3845;2430;3848;204;3849;1024;3850;809;3847.5;0.0
2;15900;DIVING_GEAR;99172;5;99171;25;99170;68;99173;31;99174;24;99175;16;99172.5;0.0
2;16000;PEARLS;10000;8;9998;78;9996;173;10002;86;10004;173;10005;4033;10001.0;0.0
2;16000;BANANAS;4815;84;4814;306;4813;379;4816;28;4817;365;4818;108;4815.5;0.0
2;16000;DOLPHIN_SIGHTINGS;;;;;;;;;;;;;3075.0;0.0
2;16000;COCONUTS;7924;476;7923;309;7919;670;7926;2189;7927;2381;7928;2121;7925.0;0.0
2;16000;BERRIES;3847;257;3846;2287;3845;2430;3848;255;3849;1024;3850;809;3847.5;0.0
2;16000;DIVING_GEAR;99172;5;99171;25;99170;68;99173;16;99174;24;99175;16;99172.5;0.0
2;16000;PINA_COLADAS;14850;65;14848;96;14837;4;14856;17;14857;449;14858;365;14853.0;0.0
2;16100;COCONUTS;7924;476;7923;309;7919;670;7926;2010;7927;2381;7928;2121;7925.0;0.0
2;16100;BERRIES;3847;237;3846;2287;3845;2430;3848;304;3849;1024;3850;809;3847.5;0.0
2;16100;DIVING_GEAR;99172;5;99171;53;99170;68;99173;16;99174;52;99175;16;99172.5;0.0
2;16100;DOLPHIN_SIGHTINGS;;;;;;;;;;;;;3075.0;0.0
2;16100;PINA_COLADAS;14850;65;14848;96;14837;4;14857;386;14858;365;14859;560;14853.5;0.0
2;16100;PEARLS;10000;8;9998;78;9996;175;10002;86;10004;175;10005;4054;10001.0;0.0
2;16100;BANANAS;4815;84;4814;306;4813;379;4816;28;4817;388;4818;108;4815.5;0.0
2;16200;COCONUTS;7924;476;7923;309;7919;670;7926;1820;7927;2381;7928;2121;7925.0;0.0
2;16200;BERRIES;3847;222;3846;2287;3845;2430;3848;356;3849;1024;3850;809;3847.5;0.0
2;16200;DIVING_GEAR;99172;5;99171;53;99170;68;99174;45;99175;16;99176;15;99173.0;0.0
2;16200;PINA_COLADAS;14850;65;14848;96;14837;4;14857;300;14858;365;14859;560;14853.5;0.0
2;16200;PEARLS;10000;8;9998;78;9996;176;10002;96;10004;176;10005;4081;10001.0;0.0
2;16200;BANANAS;4815;73;4814;306;4813;379;4816;28;4817;416;4818;108;4815.5;0.0
2;16200;DOLPHIN_SIGHTINGS;;;;;;;;;;;;;3075.0;0.0
2;16300;DOLPHIN_SIGHTINGS;;;;;;;;;;;;;3075.0;0.0
2;16300;PINA_COLADAS;14850;65;14848;96;14837;4;14857;205;14858;365;14859;560;14853.5;0.0
2;16300;BANANAS;4815;73;4814;306;4813;379;4816;28;4817;416;4818;133;4815.5;0.0
2;16300;PEARLS;10000;6;9998;80;9996;177;10002;96;10004;177;10005;4105;10001.0;0.0
2;16300;COCONUTS;7924;476;7923;309;7919;670;7926;1621;7927;2381;7928;2121;7925.0;0.0
2;16300;BERRIES;3847;222;3846;2287;3845;2430;3848;424;3849;1024;3850;809;3847.5;0.0
2;16300;DIVING_GEAR;99172;5;99171;53;99170;68;99174;22;99175;16;99176;15;99173.0;0.0
2;16400;BANANAS;4815;73;4814;306;4813;379;4816;28;4817;416;4818;163;4815.5;0.0
2;16400;DIVING_GEAR;99172;5;99171;53;99170;68;99174;3;99175;16;99176;15;99173.0;0.0
2;16400;PEARLS;10000;6;9998;80;9996;178;10002;96;10004;178;10005;4134;10001.0;0.0
2;16400;DOLPHIN_SIGHTINGS;;;;;;;;;;;;;3075.0;0.0
2;16400;COCONUTS;7924;476;7923;309;7919;670;7926;1439;7927;2381;7928;2121;7925.0;0.0
2;16400;BERRIES;3847;222;3846;2287;3845;2430;3848;435;3849;1064;3850;809;3847.5;0.0
2;16400;PINA_COLADAS;14850;65;14848;96;14837;4;14857;101;14858;365;14859;560;14853.5;0.0
2;16500;COCONUTS;7924;476;7923;309;7919;670;7926;1255;7927;2381;7928;2121;7925.0;0.0
2;16500;BERRIES;3847;222;3846;2287;3845;2430;3848;446;3849;1124;3850;809;3847.5;0.0
2;16500;DOLPHIN_SIGHTINGS;;;;;;;;;;;;;3075.0;0.0
2;16500;PINA_COLADAS;14850;65;14848;96;14837;4;14857;8;14858;365;14859;560;14853.5;0.0
2;16500;BANANAS;4815;73;4814;306;4813;379;4816;28;4817;416;4818;192;4815.5;0.0
2;16500;DIVING_GEAR;99172;5;99171;53;99170;68;99176;14;99178;49;99180;67;99174.0;0.0
2;16500;PEARLS;10000;6;9998;80;9996;178;10002;96;10004;178;10005;4163;10001.0;0.0
2;16600;COCONUTS;7924;476;7923;309;7919;670;7926;1085;7927;2381;7928;2121;7925.0;0.0
2;16600;BERRIES;3847;222;3846;2287;3845;2430;3848;446;3849;1137;3850;852;3847.5;0.0
2;16600;PINA_COLADAS;14850;65;14848;96;14837;4;14858;261;14859;560;14860;253;14854.0;0.0
2;16600;BANANAS;4815;73;4814;306;4813;379;4816;28;4817;416;4818;193;4815.5;0.0
2;16600;DIVING_GEAR;99172;5;99171;53;99170;68;99178;41;99180;67;99181;42;99175.0;0.0
2;16600;PEARLS;10000;6;9998;80;9996;179;10002;96;10004;179;10005;4183;10001.0;0.0
2;16600;DOLPHIN_SIGHTINGS;;;;;;;;;;;;;3075.0;0.0
2;16700;PINA_COLADAS;14850;65;14848;96;14837;4;14858;179;14859;560;14860;253;14854.0;0.0
2;16700;DOLPHIN_SIGHTINGS;;;;;;;;;;;;;3075.0;0.0
2;16700;BANANAS;4815;73;4814;306;4813;379;4816;28;4817;416;4818;195;4815.5;0.0
2;16700;DIVING_GEAR;99172;5;99171;53;99170;68;99178;18;99180;67;99181;65;99175.0;0.0
2;16700;PEARLS;10000;6;9998;80;9996;181;10002;96;10004;181;10005;4204;10001.0;0.0
2;16700;COCONUTS;7924;476;7923;309;7919;670;7926;912;7927;2381;7928;2121;7925.0;0.0
2;16700;BERRIES;3847;222;3846;2287;3845;2430;3848;446;3849;1153;3850;904;3847.5;0.0
2;16800;BANANAS;4815;73;4814;306;4813;379;4816;28;4817;422;4818;196;4815.5;0.0
2;16800;DIVING_GEAR;99176;24;99172;5;99171;53;99178;18;99179;24;99180;67;99177.0;0.0
2;16800;PEARLS;10000;10;9998;80;9996;182;10002;102;10004;182;10005;4226;10001.0;0.0
2;16800;COCONUTS;7924;476;7923;309;7919;670;7926;722;7927;2381;7928;2121;7925.0;0.0
2;16800;DOLPHIN_SIGHTINGS;;;;;;;;;;;;;3075.0;0.0
2;16800;BERRIES;3847;222;3846;2287;3845;2430;3848;463;3849;1208;3850;904;3847.5;0.0
2;16800;PINA_COLADAS;14850;65;14848;96;14837;4;14858;53;14859;560;14860;253;14854.0;0.0
2;16900;BERRIES;3847;222;3846;2287;3845;2430;3848;482;3849;1260;3850;904;3847.5;0.0
2;16900;DOLPHIN_SIGHTINGS;;;;;;;;;;;;;3075.0;0.0
2;16900;PINA_COLADAS;14850;65;14848;96;14837;4;14859;536;14860;253;14861;378;14854.5;0.0
2;16900;BANANAS;4815;73;4814;306;4813;379;4816;28;4817;422;4818;196;4815.5;0.0
2;16900;DIVING_GEAR;99172;1;99171;53;99170;68;99178;18;99179;24;99180;67;99175.0;0.0
2;16900;PEARLS;10000;10;9998;80;9996;183;10002;102;10004;183;10005;4249;10001.0;0.0
2;16900;COCONUTS;7924;476;7923;309;7919;670;7926;538;7927;2381;7928;2121;7925.0;0.0
2;17000;DOLPHIN_SIGHTINGS;;;;;;;;;;;;;3075.0;0.0
2;17000;PINA_COLADAS;14850;65;14848;96;14837;4;14859;441;14860;253;14861;378;14854.5;0.0
2;17000;BERRIES;3847;222;3846;2287;3845;2430;3848;482;3849;1278;3850;951;3847.5;0.0
2;17000;BANANAS;4815;73;4814;306;4813;379;4816;28;4817;425;4818;196;4815.5;0.0
2;17000;DIVING_GEAR;99172;1;99171;53;99170;91;99173;23;99178;18;99179;24;99172.5;0.0
2;17000;PEARLS;10000;10;9998;80;9996;185;10002;105;10004;185;10005;4279;10001.0;0.0
2;17000;COCONUTS;7924;476;7923;309;7919;670;7926;361;7927;2381;7928;2121;7925.0;0.0
2;17100;PINA_COLADAS;14850;65;14848;96;14837;4;14859;335;14860;253;14861;378;14854.5;0.0
2;17100;BANANAS;4815;73;4814;306;4813;379;4816;28;4817;425;4818;196;4815.5;0.0
2;17100;DIVING_GEAR;99172;1;99171;53;99170;91;99173;1;99178;18;99179;24;99172.5;0.0
2;17100;PEARLS;10000;10;9998;80;9996;187;10002;105;10004;187;10005;4300;10001.0;0.0
2;17100;COCONUTS;7924;476;7923;309;7919;670;7926;149;7927;2381;7928;2121;7925.0;0.0
2;17100;BERRIES;3847;222;3846;2287;3845;2430;3848;482;3849;1294;3850;991;3847.5;0.0
2;17100;DOLPHIN_SIGHTINGS;;;;;;;;;;;;;3075.0;0.0
2;17200;BANANAS;4815;73;4814;306;4813;379;4816;36;4817;425;4818;221;4815.5;0.0
2;17200;DIVING_GEAR;99171;28;99170;91;99168;35;99173;1;99178;18;99179;24;99172.0;0.0
2;17200;PEARLS;10000;4;9998;80;9996;188;10002;113;10004;188;10005;4324;10001.0;0.0
2;17200;COCONUTS;7924;476;7923;309;7919;670;7927;2357;7928;2121;7929;1755;7925.5;0.0
2;17200;DOLPHIN_SIGHTINGS;;;;;;;;;;;;;3075.0;0.0
2;17200;PINA_COLADAS;14850;65;14848;96;14837;4;14859;243;14860;253;14861;378;14854.5;0.0
2;17200;BERRIES;3847;222;3846;2287;3845;2430;3848;482;3849;1313;3850;1033;3847.5;0.0
2;17300;BERRIES;3847;222;3846;2287;3845;2430;3848;482;3849;1325;3850;1091;3847.5;0.0
2;17300;DOLPHIN_SIGHTINGS;;;;;;;;;;;;;3075.0;0.0
2;17300;PINA_COLADAS;14850;65;14848;96;14837;4;14859;169;14860;253;14861;378;14854.5;0.0
2;17300;BANANAS;4815;73;4814;306;4813;379;4816;36;4817;425;4818;249;4815.5;0.0
2;17300;DIVING_GEAR;99171;28;99170;109;99168;35;99173;19;99178;18;99179;24;99172.0;0.0
2;17300;PEARLS;10000;4;9998;80;9996;188;10002;113;10004;188;10005;4352;10001.0;0.0
2;17300;COCONUTS;7924;476;7923;309;7919;670;7927;2149;7928;2121;7929;1755;7925.5;0.0
2;17400;DOLPHIN_SIGHTINGS;;;;;;;;;;;;;3075.0;0.0
2;17400;PINA_COLADAS;14850;65;14848;96;14837;4;14859;62;14860;253;14861;378;14854.5;0.0
2;17400;BERRIES;3847;222;3846;2287;3845;2430;3848;494;3849;1384;3850;1091;3847.5;0.0
2;17400;BANANAS;4815;73;4814;306;4813;379;4816;34;4817;425;4818;271;4815.5;0.0
2;17400;DIVING_GEAR;99171;28;99170;109;99168;35;99173;1;99176;18;99178;18;99172.0;0.0
2;17400;PEARLS;10000;4;9998;80;9996;188;10002;120;10004;188;10005;4374;10001.0;0.0
2;17400;COCONUTS;7924;476;7923;309;7919;670;7927;1956;7928;2121;7929;1755;7925.5;0.0
2;17500;PINA_COLADAS;14850;65;14848;96;14837;4;14860;220;14861;378;14862;211;14855.0;0.0
2;17500;BANANAS;4815;73;4814;306;4813;379;4816;33;4817;456;4818;271;4815.5;0.0
2;17500;DIVING_GEAR;99177;10;99171;28;99170;109;99178;18;99179;24;99180;118;99177.5;0.0
2;17500;PEARLS;10000;4;9998;80;9996;189;10002;119;10004;189;10005;4404;10001.0;0.0
2;17500;COCONUTS;7924;476;7923;309;7919;670;7927;1784;7928;2121;7929;1755;7925.5;0.0
2;17500;BERRIES;3847;222;3846;2287;3845;2430;3848;494;3849;1403;3850;1146;3847.5;0.0
2;17500;DOLPHIN_SIGHTINGS;;;;;;;;;;;;;3075.0;0.0
2;17600;BANANAS;4815;73;4814;306;4813;379;4816;33;4817;484;4818;271;4815.5;0.0
2;17600;DIVING_GEAR;99177;10;99171;28;99170;109;99179;17;99180;118;99181;65;99178.0;0.0
2;17600;PEARLS;10000;4;9998;86;9996;191;10002;119;10004;191;10005;4430;10001.0;0.0
2;17600;COCONUTS;7924;476;7923;309;7919;670;7927;1604;7928;2121;7929;1755;7925.5;0.0
2;17600;DOLPHIN_SIGHTINGS;;;;;;;;;;;;;3075.0;0.0
2;17600;PINA_COLADAS;14850;65;14848;96;14837;4;14860;132;14861;378;14862;211;14855.0;0.0
2;17600;BERRIES;3847;222;3846;2287;3845;2430;3848;494;3849;1403;3850;1162;3847.5;0.0
2;17700;BERRIES;3847;222;3846;2287;3845;2430;3848;494;3849;1403;3850;1175;3847.5;0.0
2;17700;DOLPHIN_SIGHTINGS;;;;;;;;;;;;;3076.0;0.0
2;17700;BANANAS;4815;73;4814;306;4813;379;4816;33;4817;484;4818;294;4815.5;0.0
2;17700;DIVING_GEAR;99177;10;99171;28;99170;109;99180;117;99181;65;99183;26;99178.5;0.0
2;17700;PEARLS;10000;4;9998;86;9996;191;10002;119;10004;191;10005;4453;10001.0;0.0
2;17700;COCONUTS;7924;476;7923;309;7919;670;7927;1407;7928;2121;7929;1755;7925.5;0.0
2;17700;PINA_COLADAS;14850;65;14848;96;14837;4;14860;30;14861;378;14862;211;14855.0;0.0
2;17800;DOLPHIN_SIGHTINGS;;;;;;;;;;;;;3075.0;0.0
2;17800;PINA_COLADAS;14850;65;14848;96;14837;4;14861;324;14862;211;14863;75;14855.5;0.0
2;17800;BERRIES;3847;222;3846;2287;3845;2430;3848;494;3849;1403;3850;1195;3847.5;0.0
2;17800;PEARLS;10000;4;9998;86;9996;191;10002;119;10004;191;10005;4481;10001.0;0.0
2;17800;BANANAS;4815;73;4814;306;4813;379;4816;33;4817;484;4818;322;4815.5;0.0
2;17800;DIVING_GEAR;99177;10;99171;28;99170;109;99180;87;99181;65;99183;56;99178.5;0.0
2;17800;COCONUTS;7924;476;7923;309;7919;670;7927;1249;7928;2121;7929;1755;7925.5;0.0
2;17900;PEARLS;10000;4;9998;86;9996;192;10002;119;10004;192;10005;4508;10001.0;0.0
2;17900;BANANAS;4815;73;4814;306;4813;379;4816;32;4817;484;4818;350;4815.5;0.0
2;17900;COCONUTS;7924;476;7923;309;7919;670;7927;1028;7928;2121;7929;1755;7925.5;0.0
2;17900;DIVING_GEAR;99177;10;99171;28;99170;109;99180;72;99181;65;99183;56;99178.5;0.0
2;17900;PINA_COLADAS;14850;65;14848;96;14837;4;14861;216;14862;211;14863;75;14855.5;0.0
2;17900;BERRIES;3847;222;3846;2287;3845;2430;3848;494;3849;1403;3850;1195;3847.5;0.0
2;17900;DOLPHIN_SIGHTINGS;;;;;;;;;;;;;3075.0;0.0
2;18000;PEARLS;10000;4;9998;90;9996;193;10002;119;10004;193;10005;4538;10001.0;0.0
2;18000;BANANAS;4815;61;4814;306;4813;379;4816;32;4817;485;4818;380;4815.5;0.0
2;18000;COCONUTS;7924;476;7923;309;7919;670;7927;846;7928;2121;7929;1755;7925.5;0.0
2;18000;DIVING_GEAR;99177;10;99171;28;99170;109;99180;45;99181;65;99183;56;99178.5;0.0
2;18000;DOLPHIN_SIGHTINGS;;;;;;;;;;;;;3075.0;0.0
2;18000;PINA_COLADAS;14850;65;14848;96;14837;4;14861;113;14862;211;14863;75;14855.5;0.0
2;18000;BERRIES;3847;222;3846;2287;3845;2430;3848;494;3849;1403;3850;1195;3847.5;0.0
2;18100;BERRIES;3847;222;3846;2287;3845;2430;3848;494;3849;1403;3850;1195;3847.5;0.0
2;18100;DOLPHIN_SIGHTINGS;;;;;;;;;;;;;3076.0;0.0
2;18100;PEARLS;10000;4;9998;90;9996;194;10002;119;10004;194;10005;4565;10001.0;0.0
2;18100;BANANAS;4815;61;4814;306;4813;379;4816;32;4817;485;4818;408;4815.5;0.0
2;18100;COCONUTS;7924;476;7923;309;7919;670;7927;640;7928;2121;7929;1755;7925.5;0.0
2;18100;DIVING_GEAR;99177;10;99171;28;99170;109;99180;21;99181;65;99183;56;99178.5;0.0
2;18100;PINA_COLADAS;14850;65;14848;96;14837;4;14861;10;14862;211;14863;75;14855.5;0.0
2;18200;DOLPHIN_SIGHTINGS;;;;;;;;;;;;;3076.0;0.0
2;18200;PINA_COLADAS;14850;65;14848;96;14837;4;14862;135;14863;75;14864;46;14856.0;0.0
2;18200;BERRIES;3847;222;3846;2287;3845;2430;3848;494;3849;1403;3850;1207;3847.5;0.0
2;18200;PEARLS;10000;4;9998;91;9996;195;10002;119;10004;195;10005;4591;10001.0;0.0
2;18200;BANANAS;4815;55;4814;306;4813;379;4816;32;4817;485;4818;435;4815.5;0.0
2;18200;COCONUTS;7924;476;7923;309;7919;670;7927;449;7928;2121;7929;1755;7925.5;0.0
2;18200;DIVING_GEAR;99177;10;99171;28;99170;109;99180;3;99181;65;99183;56;99178.5;0.0
2;18300;PEARLS;10000;4;9998;91;9996;196;10002;129;10004;196;10005;4613;10001.0;0.0
2;18300;BANANAS;4815;55;4814;306;4813;379;4816;41;4817;485;4818;458;4815.5;0.0
2;18300;COCONUTS;7924;476;7923;309;7919;670;7927;274;7928;2121;7929;1755;7925.5;0.0
2;18300;DIVING_GEAR;99177;10;99171;28;99170;109;99181;44;99183;56;99184;16;99179.0;0.0
2;18300;PINA_COLADAS;14850;65;14848;96;14837;4;14862;62;14863;75;14864;46;14856.0;0.0
2;18300;BERRIES;3847;222;3846;2287;3845;2430;3848;494;3849;1403;3850;1207;3847.5;0.0
2;18300;DOLPHIN_SIGHTINGS;;;;;;;;;;;;;3076.0;0.0
2;18400;PEARLS;10000;4;9998;91;9996;197;10002;129;10004;197;10005;4639;10001.0;0.0
2;18400;BANANAS;4815;55;4814;306;4813;379;4816;41;4817;485;4818;459;4815.5;0.0
2;18400;COCONUTS;7924;476;7923;309;7919;670;7927;76;7928;2121;7929;1755;7925.5;0.0
2;18400;DIVING_GEAR;99177;10;99171;28;99170;109;99181;24;99183;56;99184;16;99179.0;0.0
2;18400;DOLPHIN_SIGHTINGS;;;;;;;;;;;;;3076.0;0.0
2;18400;PINA_COLADAS;14850;65;14848;96;14837;4;14863;28;14864;46;14865;359;14856.5;0.0
